09:00:00.440000;DVAM1;2837174;I;SELL;72;36.30
09:00:00.690000;TEST8;2837175;I;BUY;9;9.60
09:00:00.730000;DVAM1;2837176;I;SELL;5;36.30
09:00:01.040000;DVAM1;2837177;I;SELL;2;36.60
09:00:01.170000;DVAM1;2837174;A;SELL;72;36.00
09:00:01.580000;DVAM1;2837178;I;SELL;620;36.00
09:00:02.030000;DVAM1;2837179;I;BUY;59;35.20
09:00:02.270000;OTHER;2837180;I;BUY;7;18.40
09:00:03.040000;DVAM2;2837181;I;SELL;36;9.30
09:00:03.240000;TEST0;2837182;I;SELL;76;23.20
09:00:03.410000;DVAM1;2837177;C;SELL;2;36.60
09:00:03.600000;DVAM1;2837174;C;SELL;72;36.00
09:00:04.170000;OTHER;2837183;I;BUY;8;18.20
09:00:04.340000;DVAM1;2837179;C;BUY;59;35.20
09:00:04.580000;DVAM1;2837184;I;BUY;3;35.10
09:00:05.500000;DVAM1;2837178;A;SELL;620;35.60
09:00:05.710001;DVAM2;2837185;I;SELL;3;9.00
09:00:06.470001;DVAM1;2837176;C;SELL;5;36.30
09:00:06.860001;DVAM2;2837181;A;SELL;36;9.30
09:00:06.970001;DVAM1;2837186;I;SELL;446;35.40
09:00:07.250001;DVAM1;2837178;C;SELL;620;35.60
09:00:07.260001;DVAM1;2837186;A;SELL;446;35.40
09:00:07.440001;DVAM1;2837187;I;SELL;5;35.60
09:00:07.760001;DVAM1;2837188;I;SELL;9;35.80
09:00:07.970001;TEST6;2837189;I;SELL;4;21.70
09:00:08.420001;DVAM1;2837188;C;SELL;9;35.80
09:00:08.870001;DVAM2;2837190;I;SELL;30;9.30
09:00:09.260001;DVAM1;2837191;I;BUY;91;34.90
09:00:09.680001;DVAM1;2837186;C;SELL;446;35.40
09:00:10.000001;DVAM1;2837184;C;BUY;3;35.10
09:00:10.930001;DVAM1;2837191;C;BUY;91;34.90
09:00:11.540001;DVAM1;2837187;C;SELL;5;35.60
09:00:11.890001;OTHER;2837183;C;BUY;8;18.20
09:00:11.980001;DVAM1;2837192;I;SELL;73;35.40
09:00:12.550001;DVAM1;2837192;A;SELL;73;35.70
09:00:12.900001;DVAM1;2837192;C;SELL;73;35.70
09:00:13.360001;DVAM1;2837193;I;SELL;34;35.60
09:00:13.600001;DVAM1;2837193;C;SELL;34;35.60
09:00:14.010001;DVAM1;2837194;I;BUY;8;34.50
09:00:14.160001;DVAM1;2837194;C;BUY;8;34.50
09:00:14.320001;TEST3;2837195;I;SELL;17;7.70
09:00:14.720001;DVAM1;2837196;I;BUY;1;35.10
09:00:15.390001;DVAM1;2837197;I;BUY;111;35.20
09:00:15.680001;DVAM1;2837197;C;BUY;111;35.20
09:00:16.040001;DVAM1;2837198;I;BUY;20;35.00
09:00:16.500001;DVAM1;2837196;C;BUY;1;35.10
09:00:16.860001;DVAM2;2837181;C;SELL;36;9.30
09:00:16.870001;DVAM1;2837198;C;BUY;20;35.00
09:00:17.310001;DVAM1;2837199;I;SELL;8;36.10
09:00:18.920001;DVAM1;2837200;I;SELL;9;36.10
09:00:19.190001;DVAM2;2837201;I;SELL;9;9.00
09:00:19.650001;DVAM1;2837202;I;SELL;160;35.90
09:00:19.940001;OTHER;2837180;C;BUY;7;18.40
09:00:19.960001;DVAM1;2837202;C;SELL;160;35.90
09:00:20.210001;DVAM1;2837199;C;SELL;8;36.10
09:00:20.550001;DVAM1;2837200;C;SELL;9;36.10
09:00:20.640001;DVAM1;2837203;I;BUY;4;35.70
09:00:21.400001;OTHER;2837204;I;BUY;6;18.20
09:00:21.460001;DVAM1;2837205;I;BUY;5;35.50
09:00:22.110001;DVAM1;2837203;A;BUY;4;35.70
09:00:22.350001;DVAM2;2837201;C;SELL;9;9.00
09:00:22.430001;OTHER;2837206;I;BUY;8;18.10
09:00:22.650001;TEST1;2837207;I;SELL;1;32.70
09:00:23.410001;DVAM1;2837208;I;SELL;9;36.40
09:00:23.420001;DVAM1;2837208;C;SELL;9;36.40
09:00:24.140001;DVAM1;2837205;C;BUY;5;35.50
09:00:24.980001;TEST0;2837182;C;SELL;76;23.20
09:00:25.310001;DVAM2;2837185;C;SELL;3;9.00
09:00:25.470001;DVAM1;2837203;C;BUY;4;35.70
09:00:25.470001;DVAM1;2837209;I;BUY;4;35.20
09:00:25.470001;OTHER;2837206;C;BUY;8;18.10
09:00:25.630001;TEST0;2837210;I;BUY;3;22.90
09:00:26.020001;DVAM1;2837209;C;BUY;4;35.20
09:00:26.480001;DVAM1;2837211;I;SELL;8;36.00
09:00:26.960001;DVAM1;2837211;C;SELL;8;36.00
09:00:27.060001;DVAM1;2837212;I;SELL;5;36.20
09:00:27.350001;DVAM1;2837213;I;BUY;9;35.30
09:00:27.690001;OTHER;2837204;C;BUY;6;18.20
09:00:27.960001;TEST4;2837214;I;SELL;9;16.20
09:00:28.170001;OTHER;2837215;I;SELL;61;18.70
09:00:29.120001;DVAM1;2837216;I;SELL;7;36.20
09:00:29.170001;DVAM1;2837212;A;SELL;5;36.20
09:00:29.320001;DVAM1;2837213;C;BUY;9;35.30
09:00:29.480001;DVAM1;2837217;I;BUY;29;35.10
09:00:29.930001;DVAM1;2837212;C;SELL;5;36.20
09:00:30.390001;DVAM1;2837218;I;SELL;90;36.20
09:00:30.610001;DVAM1;2837219;I;BUY;4;35.20
09:00:30.950001;DVAM2;2837220;I;SELL;3;9.10
09:00:31.320001;DVAM1;2837219;C;BUY;4;35.20
09:00:31.320001;DVAM1;2837221;I;BUY;137;34.80
09:00:32.050001;TEST3;2837195;C;SELL;17;7.70
09:00:32.050001;TEST3;2837222;I;SELL;233;7.90
09:00:32.140001;DVAM1;2837218;A;SELL;90;35.80
09:00:32.880001;DVAM1;2837223;I;BUY;9;34.80
09:00:33.050001;DVAM1;2837216;C;SELL;7;36.20
09:00:33.110001;DVAM1;2837221;C;BUY;137;34.80
09:00:33.360001;DVAM1;2837224;I;SELL;4;36.00
09:00:33.450001;DVAM1;2837218;C;SELL;90;35.80
09:00:33.920001;DVAM2;2837220;A;SELL;3;9.10
09:00:34.660001;DVAM1;2837224;A;SELL;1;36.10
09:00:34.910001;DVAM1;2837225;I;BUY;8;35.20
09:00:34.990001;DVAM2;2837220;C;SELL;3;9.10
09:00:35.930001;DVAM1;2837217;C;BUY;29;35.10
09:00:36.200001;DVAM1;2837225;C;BUY;8;35.20
09:00:36.380001;DVAM1;2837226;I;SELL;21;35.70
09:00:36.770001;DVAM1;2837223;C;BUY;9;34.80
09:00:37.050001;DVAM1;2837227;I;SELL;5;35.50
09:00:37.080001;DVAM1;2837228;I;BUY;523;35.00
09:00:37.770001;DVAM1;2837229;I;BUY;388;34.60
09:00:37.870001;DVAM1;2837224;C;SELL;1;36.10
09:00:38.340001;DVAM1;2837226;C;SELL;21;35.70
09:00:38.570001;DVAM1;2837230;I;BUY;8;35.20
09:00:39.010001;DVAM1;2837228;C;BUY;523;35.00
09:00:39.320001;DVAM1;2837227;C;SELL;5;35.50
09:00:39.320001;DVAM1;2837231;I;SELL;228;36.00
09:00:39.580001;DVAM1;2837230;C;BUY;8;35.20
09:00:39.670001;DVAM1;2837229;A;BUY;388;35.20
09:00:40.120001;DVAM1;2837229;C;BUY;388;35.20
09:00:40.270001;DVAM1;2837231;A;SELL;228;35.90
09:00:40.270001;DVAM1;2837232;I;BUY;8;35.10
09:00:40.530001;DVAM1;2837233;I;BUY;6;35.00
09:00:40.930001;DVAM1;2837233;A;BUY;6;35.20
09:00:41.130001;DVAM1;2837233;C;BUY;6;35.20
09:00:41.920001;DVAM1;2837231;C;SELL;228;35.90
09:00:42.140001;TEST7;2837234;I;BUY;2;27.00
09:00:42.860001;DVAM2;2837190;C;SELL;30;9.30
09:00:43.510001;DVAM1;2837235;I;BUY;5;34.70
09:00:43.760001;DVAM1;2837232;C;BUY;8;35.10
09:00:44.680001;DVAM1;2837236;I;SELL;2;35.70
09:00:45.320001;DVAM2;2837237;I;SELL;264;9.10
09:00:45.680001;OTHER;2837238;I;SELL;3;18.60
09:00:45.970001;DVAM1;2837239;I;SELL;6;35.70
09:00:45.970001;DVAM1;2837239;C;SELL;6;35.70
09:00:46.230001;DVAM1;2837240;I;SELL;1;35.80
09:00:46.470001;DVAM1;2837235;A;BUY;5;34.70
09:00:46.620001;DVAM1;2837235;C;BUY;5;34.70
09:00:46.710001;TEST5;2837241;I;SELL;5;32.60
09:00:47.100001;DVAM1;2837236;C;SELL;2;35.70
09:00:47.230001;DVAM1;2837240;C;SELL;1;35.80
09:00:47.510001;DVAM1;2837242;I;SELL;15;35.50
09:00:47.870001;DVAM1;2837242;C;SELL;15;35.50
09:00:48.180001;DVAM1;2837243;I;SELL;8;35.40
09:00:48.330001;DVAM1;2837243;C;SELL;8;35.40
09:00:48.400001;DVAM1;2837244;I;BUY;6;34.70
09:00:48.560001;DVAM1;2837245;I;BUY;1;34.80
09:00:48.670001;DVAM1;2837246;I;SELL;2;35.60
09:00:49.070001;DVAM1;2837245;C;BUY;1;34.80
09:00:49.380001;DVAM1;2837246;C;SELL;2;35.60
09:00:49.380001;TEST6;2837189;C;SELL;4;21.70
09:00:49.870001;DVAM1;2837247;I;SELL;868;35.60
09:00:50.340001;DVAM1;2837248;I;BUY;3;34.80
09:00:50.520001;DVAM1;2837247;A;SELL;6;35.30
09:00:50.870001;DVAM2;2837237;A;SELL;264;9.10
09:00:51.190001;DVAM1;2837249;I;SELL;8;35.30
09:00:52.230001;OTHER;2837215;C;SELL;61;18.70
09:00:52.240001;DVAM1;2837248;A;BUY;3;34.80
09:00:52.280001;DVAM1;2837248;C;BUY;3;34.80
09:00:52.480001;DVAM2;2837250;I;BUY;2;8.50
09:00:52.960001;DVAM1;2837247;C;SELL;6;35.30
09:00:52.990001;DVAM1;2837249;C;SELL;8;35.30
09:00:53.390001;TEST4;2837214;A;SELL;9;16.30
09:00:53.780001;DVAM1;2837251;I;SELL;6;35.30
09:00:54.510001;DVAM1;2837244;A;BUY;9;34.60
09:00:54.680001;DVAM1;2837244;A;BUY;9;34.60
09:00:54.920002;DVAM1;2837244;C;BUY;9;34.60
09:00:55.170002;DVAM1;2837251;C;SELL;6;35.30
09:00:55.240001;OTHER;2837252;I;SELL;272;18.70
09:00:55.660002;DVAM1;2837253;I;SELL;2;35.60
09:00:56.060002;DVAM1;2837253;C;SELL;2;35.60
09:00:56.470002;DVAM2;2837254;I;BUY;8;8.30
09:00:56.760002;DVAM1;2837255;I;SELL;51;35.40
09:00:56.810002;DVAM1;2837256;I;SELL;2;35.50
09:00:56.900002;DVAM1;2837256;C;SELL;2;35.50
09:00:57.370002;DVAM1;2837255;C;SELL;51;35.40
09:00:57.850002;DVAM1;2837257;I;SELL;3;35.60
09:00:58.070002;DVAM1;2837258;I;SELL;5;35.50
09:00:58.300002;DVAM1;2837259;I;BUY;8;34.60
09:00:58.530002;DVAM1;2837260;I;SELL;2;35.40
09:00:58.960002;DVAM1;2837261;I;BUY;9;34.30
09:00:59.630002;DVAM1;2837261;C;BUY;9;34.30
09:01:00.110002;DVAM1;2837260;C;SELL;2;35.40
09:01:00.420002;DVAM2;2837262;I;BUY;56;8.50
09:01:00.850002;DVAM1;2837263;I;BUY;3;34.50
09:01:01.000002;DVAM1;2837257;A;SELL;3;35.20
09:01:01.380002;DVAM1;2837259;C;BUY;8;34.60
09:01:01.730002;DVAM1;2837258;C;SELL;5;35.50
09:01:02.220002;DVAM1;2837263;C;BUY;3;34.50
09:01:03.310002;DVAM1;2837264;I;SELL;6;35.40
09:01:03.490002;OTHER;2837252;C;SELL;272;18.70
09:01:04.220002;DVAM1;2837265;I;BUY;5;34.50
09:01:04.450002;DVAM1;2837265;C;BUY;5;34.50
09:01:04.800002;DVAM1;2837266;I;SELL;5;35.50
09:01:05.150002;DVAM1;2837267;I;BUY;3;34.70
09:01:05.640002;DVAM1;2837268;I;BUY;559;34.50
09:01:05.980002;DVAM1;2837269;I;SELL;2;35.40
09:01:06.150002;DVAM2;2837270;I;BUY;2;8.30
09:01:06.210002;DVAM1;2837271;I;BUY;851;34.20
09:01:06.540002;DVAM1;2837272;I;SELL;55;35.40
09:01:06.880002;OTHER;2837238;C;SELL;3;18.60
09:01:07.120002;DVAM1;2837273;I;SELL;7;35.30
09:01:07.300002;DVAM1;2837274;I;BUY;2;34.40
09:01:07.710002;DVAM2;2837275;I;BUY;9;8.10
09:01:08.160002;DVAM1;2837269;A;SELL;2;35.10
09:01:08.680002;DVAM1;2837267;C;BUY;3;34.70
09:01:08.680002;DVAM1;2837268;C;BUY;559;34.50
09:01:08.680002;DVAM1;2837274;C;BUY;2;34.40
09:01:08.680002;DVAM1;2837276;I;SELL;2;34.80
09:01:08.930002;DVAM1;2837271;C;BUY;851;34.20
09:01:09.620002;DVAM1;2837276;C;SELL;2;34.80
09:01:09.620002;DVAM1;2837277;I;BUY;1;33.90
09:01:10.230002;DVAM1;2837264;C;SELL;6;35.40
09:01:10.600002;DVAM1;2837257;C;SELL;3;35.20
09:01:10.640002;DVAM1;2837278;I;SELL;4;34.60
09:01:11.480002;DVAM1;2837279;I;SELL;3;34.60
09:01:11.930002;DVAM1;2837269;C;SELL;2;35.10
09:01:12.650002;DVAM1;2837278;C;SELL;4;34.60
09:01:12.950002;DVAM1;2837279;C;SELL;3;34.60
09:01:13.340002;OTHER;2837280;I;SELL;7;18.90
09:01:13.980002;DVAM2;2837270;A;BUY;5;8.40
09:01:14.730002;DVAM1;2837281;I;SELL;5;34.80
09:01:15.020002;DVAM1;2837282;I;BUY;159;34.20
09:01:15.070002;DVAM1;2837277;A;BUY;9;33.70
09:01:15.360002;DVAM1;2837283;I;BUY;1;33.90
09:01:15.750002;DVAM1;2837283;C;BUY;1;33.90
09:01:16.850002;TEST7;2837284;I;BUY;6;27.00
09:01:17.330002;DVAM1;2837273;C;SELL;7;35.30
09:01:17.740002;TEST1;2837207;C;SELL;1;32.70
09:01:17.940002;DVAM1;2837266;A;SELL;5;34.90
09:01:18.610002;TEST2;2837285;I;BUY;68;39.60
09:01:19.220002;DVAM1;2837282;A;BUY;159;34.00
09:01:19.580002;DVAM1;2837272;C;SELL;55;35.40
09:01:19.990002;DVAM1;2837286;I;SELL;6;34.90
09:01:20.070002;DVAM1;2837281;C;SELL;5;34.80
09:01:20.900002;DVAM1;2837282;C;BUY;159;34.00
09:01:21.380002;DVAM1;2837277;C;BUY;9;33.70
09:01:22.210002;DVAM1;2837266;C;SELL;5;34.90
09:01:22.340002;OTHER;2837287;I;SELL;7;18.90
09:01:23.000002;DVAM1;2837288;I;BUY;2;34.20
09:01:23.370002;DVAM1;2837288;C;BUY;2;34.20
09:01:23.370002;DVAM1;2837289;I;SELL;6;34.40
09:01:23.800002;DVAM1;2837290;I;BUY;169;33.70
09:01:24.040002;DVAM1;2837290;C;BUY;169;33.70
09:01:24.040002;DVAM1;2837289;C;SELL;6;34.40
09:01:24.350002;DVAM1;2837286;C;SELL;6;34.90
09:01:24.660002;DVAM1;2837291;I;BUY;5;33.90
09:01:24.810002;OTHER;2837292;I;BUY;8;18.10
09:01:24.990002;DVAM1;2837293;I;BUY;738;33.70
09:01:25.420002;DVAM1;2837294;I;BUY;8;34.10
09:01:25.680002;DVAM2;2837250;C;BUY;2;8.50
09:01:25.680002;DVAM2;2837262;C;BUY;56;8.50
09:01:25.680002;DVAM2;2837270;C;BUY;5;8.40
09:01:25.680002;DVAM2;2837295;I;BUY;8;8.00
09:01:25.960002;DVAM1;2837291;A;BUY;5;34.10
09:01:26.690002;DVAM2;2837237;C;SELL;264;9.10
09:01:26.740002;DVAM1;2837293;C;BUY;738;33.70
09:01:26.750002;DVAM2;2837275;A;BUY;9;7.80
09:01:26.780002;OTHER;2837296;I;BUY;1;17.90
09:01:27.540002;DVAM1;2837297;I;SELL;5;35.00
09:01:27.730002;DVAM1;2837298;I;BUY;83;34.10
09:01:28.100002;DVAM2;2837275;C;BUY;9;7.80
09:01:28.970002;DVAM1;2837297;C;SELL;5;35.00
09:01:29.790002;DVAM1;2837291;C;BUY;5;34.10
09:01:29.870002;TEST0;2837210;C;BUY;3;22.90
09:01:30.110002;DVAM1;2837299;I;SELL;2;34.40
09:01:30.570002;OTHER;2837280;A;SELL;7;18.50
09:01:30.880002;DVAM1;2837294;C;BUY;8;34.10
09:01:31.260002;DVAM1;2837299;C;SELL;2;34.40
09:01:31.730002;TEST7;2837234;C;BUY;2;27.00
09:01:32.160002;DVAM1;2837298;C;BUY;83;34.10
09:01:32.480002;DVAM1;2837300;I;BUY;1;34.00
09:01:32.860002;DVAM1;2837301;I;BUY;14;33.70
09:01:33.740002;DVAM1;2837302;I;SELL;4;34.90
09:01:34.230002;DVAM1;2837303;I;SELL;8;34.60
09:01:35.110003;TEST7;2837284;A;BUY;6;27.00
09:01:35.460002;DVAM1;2837300;C;BUY;1;34.00
09:01:35.460002;DVAM1;2837304;I;SELL;3;34.50
09:01:35.890002;DVAM1;2837302;C;SELL;4;34.90
09:01:36.010002;DVAM1;2837305;I;SELL;700;34.60
09:01:36.120002;TEST5;2837241;C;SELL;5;32.60
09:01:36.530002;DVAM1;2837306;I;BUY;27;33.60
09:01:36.910002;DVAM1;2837305;C;SELL;700;34.60
09:01:37.220002;DVAM1;2837307;I;BUY;3;34.00
09:01:37.800002;OTHER;2837308;I;BUY;508;18.00
09:01:38.170002;DVAM1;2837309;I;BUY;72;34.00
09:01:38.720002;DVAM1;2837306;C;BUY;27;33.60
09:01:38.820002;DVAM1;2837310;I;SELL;9;34.80
09:01:38.950002;DVAM2;2837295;C;BUY;8;8.00
09:01:39.220002;DVAM1;2837311;I;SELL;70;34.50
09:01:39.550002;TEST6;2837312;I;BUY;1;21.10
09:01:39.840002;DVAM1;2837310;A;SELL;9;34.80
09:01:40.150002;DVAM1;2837313;I;SELL;6;34.40
09:01:40.360002;OTHER;2837308;A;BUY;508;17.90
09:01:40.670002;DVAM1;2837309;C;BUY;72;34.00
09:01:41.000001;DVAM1;2837313;A;SELL;6;34.40
09:01:41.090001;DVAM1;2837310;C;SELL;9;34.80
09:01:41.160001;DVAM1;2837301;C;BUY;14;33.70
09:01:41.250001;TEST1;2837314;I;BUY;6;32.10
09:01:41.510001;DVAM1;2837311;C;SELL;70;34.50
09:01:41.980001;DVAM1;2837304;C;SELL;3;34.50
09:01:41.980001;DVAM1;2837313;C;SELL;6;34.40
09:01:41.980001;DVAM1;2837315;I;SELL;1;35.10
09:01:42.450001;DVAM1;2837315;C;SELL;1;35.10
09:01:42.730001;OTHER;2837292;C;BUY;8;18.10
09:01:42.950001;DVAM1;2837303;C;SELL;8;34.60
09:01:43.080001;DVAM2;2837254;A;BUY;8;8.10
09:01:43.260001;DVAM1;2837307;C;BUY;3;34.00
09:01:43.700001;DVAM1;2837316;I;BUY;6;34.10
09:01:44.310002;DVAM1;2837316;C;BUY;6;34.10
09:01:44.610002;OTHER;2837317;I;BUY;96;18.00
09:01:44.740002;DVAM1;2837318;I;SELL;4;34.90
09:01:45.760002;DVAM1;2837319;I;BUY;1;33.70
09:01:45.900002;DVAM1;2837320;I;BUY;3;33.90
09:01:46.070002;TEST5;2837321;I;SELL;65;32.90
09:01:46.240002;DVAM1;2837320;C;BUY;3;33.90
09:01:46.430002;DVAM1;2837322;I;BUY;9;33.80
09:01:47.010002;OTHER;2837323;I;BUY;508;18.00
09:01:47.130002;DVAM1;2837322;C;BUY;9;33.80
09:01:47.510002;DVAM1;2837318;C;SELL;4;34.90
09:01:47.770002;DVAM1;2837319;A;BUY;1;33.70
09:01:48.340002;TEST9;2837324;I;BUY;3;47.10
09:01:48.750002;DVAM1;2837319;A;BUY;1;33.70
09:01:49.100002;DVAM1;2837319;A;BUY;1;33.70
09:01:49.550002;DVAM1;2837319;C;BUY;1;33.70
09:01:49.780002;DVAM1;2837325;I;SELL;9;34.40
09:01:50.270002;DVAM1;2837326;I;BUY;2;33.40
09:01:50.640002;DVAM1;2837325;C;SELL;9;34.40
09:01:51.270003;DVAM1;2837327;I;BUY;63;33.20
09:01:51.740003;DVAM1;2837328;I;BUY;9;33.30
09:01:52.060003;DVAM1;2837329;I;SELL;1;34.10
09:01:52.620003;DVAM1;2837327;C;BUY;63;33.20
09:01:52.750003;DVAM2;2837254;A;BUY;8;8.00
09:01:53.210003;DVAM1;2837329;A;SELL;1;34.00
09:01:53.270003;DVAM1;2837328;C;BUY;9;33.30
09:01:53.340003;DVAM1;2837330;I;SELL;4;33.90
09:01:53.500003;DVAM1;2837331;I;BUY;3;33.20
09:01:53.970003;DVAM1;2837331;C;BUY;3;33.20
09:01:54.070003;DVAM2;2837332;I;SELL;6;8.50
09:01:54.230003;DVAM1;2837329;C;SELL;1;34.00
09:01:54.410003;DVAM1;2837330;C;SELL;4;33.90
09:01:54.970003;DVAM1;2837326;C;BUY;2;33.40
09:01:55.060003;DVAM1;2837333;I;SELL;1;34.20
09:01:55.550003;DVAM1;2837333;C;SELL;1;34.20
09:01:56.210002;DVAM1;2837334;I;SELL;5;34.20
09:01:56.680002;DVAM1;2837335;I;BUY;2;33.10
09:01:57.120003;DVAM1;2837334;A;SELL;5;34.20
09:01:57.330003;DVAM1;2837336;I;SELL;491;34.20
09:01:57.890003;OTHER;2837296;C;BUY;1;17.90
09:01:58.090003;DVAM1;2837337;I;SELL;4;34.00
09:01:58.120003;OTHER;2837338;I;BUY;2;17.90
09:01:58.530003;DVAM1;2837337;A;SELL;4;33.70
09:01:58.760003;DVAM1;2837339;I;SELL;54;33.70
09:01:58.970003;DVAM1;2837340;I;BUY;1;32.80
09:01:59.520003;DVAM1;2837336;C;SELL;491;34.20
09:01:59.790003;DVAM1;2837341;I;BUY;9;32.90
09:02:00.130003;DVAM1;2837339;C;SELL;54;33.70
09:02:00.790003;DVAM1;2837340;A;BUY;1;32.80
09:02:01.430003;DVAM2;2837254;C;BUY;8;8.00
09:02:01.670003;DVAM1;2837342;I;SELL;5;33.90
09:02:01.840003;DVAM1;2837335;C;BUY;2;33.10
09:02:02.440003;DVAM1;2837334;C;SELL;5;34.20
09:02:02.940003;DVAM2;2837332;C;SELL;6;8.50
09:02:02.980003;DVAM2;2837343;I;BUY;1;8.10
09:02:03.170003;DVAM1;2837344;I;BUY;2;33.00
09:02:04.100003;DVAM1;2837344;A;BUY;2;33.20
09:02:04.970003;DVAM1;2837342;C;SELL;5;33.90
09:02:05.040003;DVAM1;2837344;A;BUY;2;33.50
09:02:05.060003;TEST4;2837214;A;SELL;9;16.40
09:02:05.220003;DVAM1;2837337;C;SELL;4;33.70
09:02:05.220003;DVAM1;2837345;I;BUY;6;33.50
09:02:05.500003;DVAM1;2837346;I;SELL;52;34.30
09:02:05.580003;DVAM1;2837346;A;SELL;52;34.30
09:02:05.590003;DVAM1;2837347;I;SELL;5;33.80
09:02:06.080003;DVAM1;2837346;C;SELL;52;34.30
09:02:06.090003;OTHER;2837348;I;SELL;12;18.60
09:02:06.560003;DVAM1;2837344;C;BUY;2;33.50
09:02:06.560003;DVAM1;2837345;C;BUY;6;33.50
09:02:06.560003;DVAM1;2837349;I;BUY;3;33.20
09:02:07.000003;DVAM1;2837350;I;BUY;6;33.10
09:02:07.120003;DVAM1;2837349;C;BUY;3;33.20
09:02:07.320003;DVAM1;2837351;I;SELL;8;34.00
09:02:07.690003;DVAM1;2837352;I;SELL;87;33.90
09:02:08.140003;DVAM1;2837353;I;BUY;2;32.70
09:02:08.780003;DVAM1;2837354;I;SELL;6;34.00
09:02:09.000003;DVAM1;2837347;C;SELL;5;33.80
09:02:09.520003;DVAM1;2837352;A;SELL;87;33.90
09:02:10.230004;DVAM1;2837355;I;BUY;4;32.80
09:02:10.390004;DVAM1;2837356;I;SELL;8;33.60
09:02:10.920004;DVAM1;2837353;C;BUY;2;32.70
09:02:11.530004;DVAM1;2837341;C;BUY;9;32.90
09:02:11.960004;DVAM2;2837343;C;BUY;1;8.10
09:02:12.070004;DVAM1;2837357;I;BUY;1;32.60
09:02:12.490004;DVAM1;2837352;C;SELL;87;33.90
09:02:12.860004;DVAM1;2837358;I;SELL;1;33.70
09:02:13.000004;DVAM1;2837359;I;BUY;1;32.90
09:02:13.290004;DVAM1;2837359;C;BUY;1;32.90
09:02:13.730004;DVAM1;2837356;C;SELL;8;33.60
09:02:14.850004;DVAM1;2837360;I;SELL;7;34.20
09:02:15.070004;DVAM1;2837354;A;SELL;6;34.10
09:02:15.220004;DVAM2;2837361;I;SELL;3;8.60
09:02:15.370004;TEST9;2837362;I;BUY;3;47.10
09:02:15.420004;DVAM1;2837363;I;BUY;8;33.10
09:02:15.980004;DVAM1;2837358;C;SELL;1;33.70
09:02:15.980004;DVAM1;2837364;I;SELL;5;34.10
09:02:16.150004;DVAM2;2837361;C;SELL;3;8.60
09:02:16.450004;DVAM2;2837365;I;SELL;5;8.60
09:02:16.850004;DVAM1;2837340;C;BUY;1;32.80
09:02:17.150004;OTHER;2837280;A;SELL;7;18.40
09:02:17.570004;OTHER;2837323;C;BUY;508;18.00
09:02:17.730004;OTHER;2837287;C;SELL;7;18.90
09:02:17.810004;TEST1;2837366;I;SELL;3;33.10
09:02:18.340004;DVAM2;2837365;C;SELL;5;8.60
09:02:18.630004;OTHER;2837280;C;SELL;7;18.40
09:02:18.840004;DVAM1;2837364;C;SELL;5;34.10
09:02:19.200004;DVAM1;2837355;C;BUY;4;32.80
09:02:19.470004;DVAM1;2837360;C;SELL;7;34.20
09:02:19.620004;TEST3;2837222;A;SELL;233;8.20
09:02:19.710004;DVAM1;2837367;I;SELL;4;34.00
09:02:20.200004;DVAM1;2837351;C;SELL;8;34.00
09:02:20.540004;DVAM1;2837368;I;BUY;3;33.00
09:02:20.950004;DVAM2;2837369;I;BUY;4;7.70
09:02:21.420004;DVAM1;2837357;C;BUY;1;32.60
09:02:21.580004;DVAM1;2837350;C;BUY;6;33.10
09:02:21.690004;OTHER;2837338;C;BUY;2;17.90
09:02:21.970004;DVAM2;2837370;I;BUY;3;7.80
09:02:22.270004;DVAM2;2837369;C;BUY;4;7.70
09:02:22.410004;DVAM1;2837367;A;SELL;6;34.10
09:02:22.610004;DVAM1;2837354;C;SELL;6;34.10
09:02:22.770004;DVAM1;2837371;I;SELL;4;34.40
09:02:22.880004;DVAM1;2837367;C;SELL;6;34.10
09:02:23.750004;DVAM1;2837368;A;BUY;3;33.50
09:02:23.850003;OTHER;2837308;C;BUY;508;17.90
09:02:23.850003;OTHER;2837317;C;BUY;96;18.00
09:02:23.850003;OTHER;2837372;I;BUY;1;17.50
09:02:24.080003;DVAM1;2837373;I;SELL;2;34.30
09:02:24.180003;DVAM1;2837363;A;BUY;3;33.20
09:02:24.640003;DVAM1;2837374;I;SELL;1;34.10
09:02:24.670003;DVAM1;2837363;C;BUY;3;33.20
09:02:24.930003;DVAM1;2837371;C;SELL;4;34.40
09:02:25.330003;DVAM1;2837375;I;SELL;8;34.20
09:02:25.860003;DVAM1;2837368;C;BUY;3;33.50
09:02:26.080003;DVAM2;2837376;I;BUY;9;8.20
09:02:26.970003;DVAM1;2837373;C;SELL;2;34.30
09:02:27.210003;DVAM1;2837375;C;SELL;8;34.20
09:02:27.240003;DVAM1;2837374;C;SELL;1;34.10
09:02:27.370003;DVAM1;2837377;I;SELL;3;34.40
09:02:27.550004;OTHER;2837372;C;BUY;1;17.50
09:02:28.080003;DVAM1;2837378;I;SELL;210;34.50
09:02:28.090003;DVAM2;2837376;C;BUY;9;8.20
09:02:28.230004;DVAM1;2837377;C;SELL;3;34.40
09:02:28.400004;DVAM1;2837379;I;BUY;225;33.50
09:02:28.850004;DVAM1;2837378;A;SELL;210;34.50
09:02:29.060004;DVAM2;2837370;C;BUY;3;7.80
09:02:29.790004;DVAM1;2837380;I;SELL;7;34.70
09:02:30.050004;DVAM2;2837381;I;BUY;1;7.90
09:02:30.520004;DVAM2;2837382;I;SELL;99;8.90
09:02:30.980004;OTHER;2837383;I;BUY;4;17.30
09:02:31.320004;DVAM1;2837384;I;BUY;3;34.10
09:02:31.360004;DVAM1;2837385;I;BUY;291;33.70
09:02:31.730004;DVAM2;2837382;A;SELL;99;8.90
09:02:32.220004;DVAM1;2837379;A;BUY;225;34.10
09:02:32.520004;DVAM1;2837380;A;SELL;7;34.70
09:02:32.550004;OTHER;2837386;I;BUY;6;17.30
09:02:32.820004;DVAM1;2837380;C;SELL;7;34.70
09:02:33.780003;DVAM1;2837384;C;BUY;3;34.10
09:02:34.080003;DVAM1;2837378;C;SELL;210;34.50
09:02:34.100003;DVAM1;2837385;A;BUY;291;33.70
09:02:34.520003;DVAM1;2837379;C;BUY;225;34.10
09:02:34.520003;DVAM1;2837387;I;SELL;2;34.30
09:02:34.890003;DVAM1;2837385;C;BUY;291;33.70
09:02:35.250003;DVAM1;2837387;C;SELL;2;34.30
09:02:35.820003;DVAM1;2837388;I;SELL;257;34.40
09:02:36.090003;DVAM1;2837389;I;BUY;638;33.40
09:02:36.710003;DVAM1;2837390;I;SELL;4;34.20
09:02:36.940003;DVAM1;2837389;A;BUY;6;33.50
09:02:37.030003;DVAM1;2837388;A;SELL;257;34.40
09:02:37.270003;DVAM1;2837389;C;BUY;6;33.50
09:02:37.500003;DVAM1;2837391;I;SELL;5;34.10
09:02:37.670003;DVAM1;2837392;I;SELL;6;34.40
09:02:37.950003;DVAM1;2837391;C;SELL;5;34.10
09:02:38.370003;TEST0;2837393;I;BUY;1;22.70
09:02:38.710003;DVAM1;2837392;C;SELL;6;34.40
09:02:39.190003;DVAM2;2837394;I;BUY;2;7.90
09:02:39.680003;DVAM1;2837390;A;SELL;4;34.30
09:02:39.760003;DVAM1;2837390;A;SELL;4;34.10
09:02:40.900003;DVAM1;2837388;C;SELL;257;34.40
09:02:40.990003;DVAM1;2837390;A;SELL;4;34.20
09:02:41.120003;DVAM1;2837390;A;SELL;4;34.00
09:02:41.330003;DVAM1;2837395;I;BUY;79;33.10
09:02:41.720003;DVAM1;2837395;C;BUY;79;33.10
09:02:41.720003;DVAM1;2837396;I;SELL;9;34.10
09:02:42.070003;DVAM1;2837390;A;SELL;4;33.80
09:02:42.340003;DVAM1;2837397;I;BUY;9;33.00
09:02:42.720003;DVAM1;2837390;C;SELL;4;33.80
09:02:43.040003;DVAM1;2837398;I;SELL;4;34.00
09:02:43.610003;DVAM1;2837396;A;SELL;9;33.70
09:02:43.650003;DVAM1;2837399;I;BUY;6;33.00
09:02:44.130003;DVAM1;2837400;I;BUY;17;32.80
09:02:44.250003;DVAM1;2837401;I;BUY;7;32.80
09:02:44.480003;OTHER;2837402;I;SELL;35;17.90
09:02:44.720003;DVAM1;2837403;I;BUY;19;33.10
09:02:44.980003;DVAM1;2837404;I;BUY;744;32.90
09:02:45.160003;DVAM2;2837394;C;BUY;2;7.90
09:02:45.580003;DVAM1;2837405;I;SELL;6;33.90
09:02:45.980003;DVAM1;2837396;A;SELL;9;34.00
09:02:46.080003;DVAM1;2837406;I;BUY;30;33.40
09:02:46.210003;DVAM1;2837407;I;BUY;4;33.00
09:02:46.680003;DVAM2;2837382;C;SELL;99;8.90
09:02:47.130003;DVAM1;2837398;A;SELL;4;33.80
09:02:47.450003;DVAM1;2837408;I;SELL;6;34.10
09:02:47.660003;DVAM1;2837409;I;SELL;5;33.70
09:02:47.800003;DVAM1;2837407;A;BUY;40;33.00
09:02:47.920003;DVAM1;2837406;C;BUY;30;33.40
09:02:48.440003;DVAM1;2837410;I;SELL;8;33.40
09:02:48.830003;DVAM2;2837411;I;SELL;5;8.40
09:02:49.410003;TEST0;2837412;I;SELL;4;23.30
09:02:49.800003;DVAM1;2837413;I;BUY;40;33.00
09:02:50.160003;DVAM1;2837414;I;SELL;207;33.50
09:02:50.560003;TEST0;2837415;I;SELL;632;23.20
09:02:51.130002;DVAM1;2837410;C;SELL;8;33.40
09:02:51.140002;DVAM1;2837405;A;SELL;6;33.80
09:02:51.560003;DVAM1;2837414;C;SELL;207;33.50
09:02:51.560003;DVAM1;2837416;I;BUY;1;32.90
09:02:52.140003;DVAM2;2837381;C;BUY;1;7.90
09:02:52.150003;TEST5;2837417;I;SELL;6;32.60
09:02:52.200003;DVAM1;2837418;I;BUY;148;33.00
09:02:52.730003;DVAM1;2837397;A;BUY;9;32.70
09:02:53.620003;DVAM1;2837397;A;BUY;9;32.80
09:02:53.870003;DVAM1;2837413;C;BUY;40;33.00
09:02:53.970003;DVAM1;2837419;I;SELL;4;33.80
09:02:54.220003;DVAM2;2837420;I;SELL;9;8.40
09:02:54.700003;DVAM1;2837409;C;SELL;5;33.70
09:02:55.210002;DVAM1;2837403;C;BUY;19;33.10
09:02:55.210002;DVAM1;2837421;I;BUY;806;32.90
09:02:55.560002;DVAM1;2837422;I;BUY;5;32.90
09:02:55.630002;DVAM1;2837404;A;BUY;3;32.90
09:02:55.640002;DVAM1;2837423;I;SELL;4;33.50
09:02:56.100002;DVAM1;2837421;C;BUY;806;32.90
09:02:56.210002;DVAM1;2837396;A;SELL;9;33.30
09:02:56.490002;TEST8;2837175;C;BUY;9;9.60
09:02:56.810002;DVAM1;2837416;C;BUY;1;32.90
09:02:57.100002;DVAM1;2837399;C;BUY;6;33.00
09:02:57.100002;DVAM1;2837407;C;BUY;40;33.00
09:02:57.100002;DVAM1;2837418;C;BUY;148;33.00
09:02:57.100002;DVAM1;2837424;I;BUY;8;32.50
09:02:57.730002;DVAM1;2837425;I;BUY;3;32.80
09:02:57.770002;TEST8;2837426;I;SELL;9;10.50
09:02:57.970002;DVAM1;2837427;I;BUY;75;32.70
09:02:58.280002;DVAM1;2837401;C;BUY;7;32.80
09:02:58.400002;OTHER;2837428;I;BUY;13;17.40
09:02:59.270002;DVAM1;2837424;C;BUY;8;32.50
09:02:59.710002;DVAM1;2837396;A;SELL;9;33.30
09:03:00.060002;OTHER;2837429;I;BUY;8;17.20
09:03:00.160002;DVAM1;2837430;I;BUY;3;32.70
09:03:00.260002;DVAM1;2837396;A;SELL;9;33.30
09:03:00.670002;DVAM1;2837422;A;BUY;1;32.50
09:03:00.790002;DVAM1;2837396;A;SELL;9;33.50
09:03:01.240002;DVAM1;2837405;C;SELL;6;33.80
09:03:01.260002;DVAM1;2837396;A;SELL;1;33.40
09:03:01.460002;DVAM1;2837431;I;BUY;4;32.70
09:03:01.880002;DVAM1;2837432;I;SELL;34;33.50
09:03:02.140002;DVAM1;2837422;C;BUY;1;32.50
09:03:02.620002;DVAM1;2837431;C;BUY;4;32.70
09:03:02.780002;DVAM1;2837433;I;BUY;1;33.00
09:03:02.930002;DVAM1;2837398;C;SELL;4;33.80
09:03:04.170002;DVAM1;2837419;A;SELL;674;33.80
09:03:04.250002;DVAM1;2837396;C;SELL;1;33.40
09:03:04.250002;DVAM1;2837434;I;BUY;782;33.00
09:03:04.800002;DVAM1;2837435;I;SELL;7;34.00
09:03:05.250002;DVAM1;2837397;C;BUY;9;32.80
09:03:05.380002;DVAM1;2837434;C;BUY;782;33.00
09:03:05.550002;OTHER;2837402;C;SELL;35;17.90
09:03:05.550002;OTHER;2837436;I;SELL;7;18.50
09:03:05.870002;DVAM1;2837437;I;BUY;3;33.20
09:03:05.890002;OTHER;2837438;I;BUY;4;17.30
09:03:06.260002;DVAM1;2837432;A;SELL;34;33.50
09:03:06.990002;DVAM2;2837439;I;BUY;5;7.70
09:03:07.120002;DVAM1;2837430;C;BUY;3;32.70
09:03:07.180002;TEST4;2837214;C;SELL;9;16.40
09:03:07.280002;TEST5;2837417;C;SELL;6;32.60
09:03:07.570002;TEST1;2837440;I;SELL;6;32.80
09:03:08.370002;DVAM1;2837437;C;BUY;3;33.20
09:03:08.370002;DVAM1;2837441;I;BUY;6;32.80
09:03:08.780002;DVAM2;2837411;C;SELL;5;8.40
09:03:09.060002;DVAM1;2837442;I;SELL;7;33.70
09:03:09.800002;DVAM1;2837443;I;BUY;6;32.80
09:03:10.270002;DVAM1;2837444;I;SELL;472;33.50
09:03:10.670002;DVAM1;2837423;A;SELL;4;33.60
09:03:10.700002;DVAM1;2837442;A;SELL;7;33.70
09:03:10.990002;DVAM1;2837441;C;BUY;6;32.80
09:03:11.360002;DVAM1;2837404;C;BUY;3;32.90
09:03:11.360002;DVAM1;2837433;C;BUY;1;33.00
09:03:11.360002;DVAM1;2837445;I;SELL;9;33.20
09:03:11.740002;DVAM2;2837439;C;BUY;5;7.70
09:03:12.140002;DVAM1;2837400;C;BUY;17;32.80
09:03:12.140002;DVAM1;2837425;C;BUY;3;32.80
09:03:12.140002;DVAM1;2837443;C;BUY;6;32.80
09:03:12.140002;DVAM1;2837446;I;SELL;277;33.40
09:03:12.860002;DVAM2;2837420;C;SELL;9;8.40
09:03:12.860002;DVAM2;2837447;I;SELL;1;8.70
09:03:13.270002;DVAM1;2837445;C;SELL;9;33.20
09:03:13.560002;DVAM1;2837423;C;SELL;4;33.60
09:03:14.040002;DVAM1;2837427;C;BUY;75;32.70
09:03:14.040002;DVAM1;2837448;I;BUY;140;32.10
09:03:14.650002;DVAM2;2837447;C;SELL;1;8.70
09:03:15.120003;OTHER;2837386;C;BUY;6;17.30
09:03:15.390002;DVAM1;2837449;I;SELL;5;33.30
09:03:15.530003;DVAM2;2837450;I;SELL;1;9.30
09:03:15.990003;DVAM1;2837451;I;SELL;46;33.30
09:03:16.110003;TEST5;2837321;C;SELL;65;32.90
09:03:16.390002;DVAM1;2837452;I;SELL;10;33.50
09:03:17.140002;DVAM1;2837453;I;SELL;5;33.20
09:03:17.350002;OTHER;2837348;C;SELL;12;18.60
09:03:17.470002;DVAM1;2837432;C;SELL;34;33.50
09:03:17.920002;DVAM1;2837453;C;SELL;5;33.20
09:03:18.410002;DVAM1;2837451;A;SELL;5;32.80
09:03:18.690002;DVAM1;2837435;C;SELL;7;34.00
09:03:18.750002;DVAM1;2837454;I;SELL;2;33.10
09:03:19.170002;OTHER;2837383;A;BUY;4;17.70
09:03:19.310002;DVAM1;2837455;I;BUY;61;32.10
09:03:19.760002;DVAM1;2837455;C;BUY;61;32.10
09:03:20.240002;DVAM1;2837444;A;SELL;472;32.90
09:03:21.170002;DVAM2;2837456;I;BUY;7;8.40
09:03:21.360003;DVAM1;2837419;C;SELL;674;33.80
09:03:21.480002;DVAM2;2837450;C;SELL;1;9.30
09:03:21.930002;DVAM1;2837451;C;SELL;5;32.80
09:03:22.360003;DVAM1;2837457;I;SELL;2;32.70
09:03:22.500003;DVAM1;2837442;C;SELL;7;33.70
09:03:22.880003;DVAM1;2837452;C;SELL;10;33.50
09:03:22.990003;DVAM1;2837457;C;SELL;2;32.70
09:03:23.080003;DVAM1;2837444;A;SELL;472;32.90
09:03:23.440002;DVAM1;2837458;I;BUY;3;32.50
09:03:23.530002;DVAM1;2837459;I;BUY;5;32.30
09:03:23.960002;DVAM1;2837449;A;SELL;5;33.30
09:03:24.220002;OTHER;2837460;I;SELL;2;18.10
09:03:24.590002;DVAM1;2837444;C;SELL;472;32.90
09:03:24.590002;DVAM1;2837461;I;SELL;5;33.10
09:03:24.870002;DVAM1;2837408;C;SELL;6;34.10
09:03:25.360002;DVAM1;2837461;A;SELL;5;33.20
09:03:25.980002;DVAM1;2837458;A;BUY;8;32.70
09:03:26.160002;DVAM1;2837462;I;BUY;14;32.60
09:03:26.900002;DVAM1;2837458;A;BUY;8;32.80
09:03:26.900002;DVAM1;2837461;C;SELL;5;33.20
09:03:27.640002;TEST8;2837426;C;SELL;9;10.50
09:03:27.810003;TEST6;2837312;C;BUY;1;21.10
09:03:27.970003;OTHER;2837463;I;SELL;6;18.30
09:03:28.180003;DVAM1;2837454;A;SELL;2;33.10
09:03:28.550003;DVAM1;2837464;I;BUY;6;32.50
09:03:28.920003;DVAM2;2837465;I;SELL;4;9.20
09:03:29.290003;DVAM1;2837466;I;BUY;7;32.40
09:03:29.620003;DVAM1;2837446;C;SELL;277;33.40
09:03:30.060003;DVAM1;2837448;C;BUY;140;32.10
09:03:30.550003;DVAM1;2837454;C;SELL;2;33.10
09:03:30.550003;DVAM1;2837467;I;BUY;1;32.90
09:03:30.980003;DVAM1;2837462;C;BUY;14;32.60
09:03:31.250003;DVAM1;2837449;C;SELL;5;33.30
09:03:31.250003;DVAM1;2837468;I;BUY;977;32.80
09:03:31.810003;DVAM1;2837458;A;BUY;8;32.90
09:03:31.960003;DVAM1;2837469;I;BUY;3;32.50
09:03:32.110003;DVAM1;2837470;I;BUY;706;32.70
09:03:32.430003;OTHER;2837438;C;BUY;4;17.30
09:03:33.200003;TEST5;2837471;I;SELL;223;32.30
09:03:33.470003;DVAM2;2837456;C;BUY;7;8.40
09:03:33.860003;DVAM2;2837465;C;SELL;4;9.20
09:03:34.340003;DVAM1;2837458;C;BUY;8;32.90
09:03:34.340003;DVAM1;2837467;C;BUY;1;32.90
09:03:34.340003;DVAM1;2837472;I;SELL;2;33.20
09:03:34.830003;DVAM1;2837473;I;SELL;4;33.30
09:03:34.910003;DVAM2;2837474;I;BUY;3;8.50
09:03:34.980003;DVAM1;2837468;A;BUY;977;32.40
09:03:35.520003;DVAM1;2837472;C;SELL;2;33.20
09:03:35.980003;OTHER;2837475;I;SELL;3;18.30
09:03:36.000003;DVAM1;2837459;C;BUY;5;32.30
09:03:36.090003;DVAM1;2837468;C;BUY;977;32.40
09:03:36.190003;DVAM1;2837476;I;BUY;3;32.40
09:03:36.420003;DVAM1;2837469;C;BUY;3;32.50
09:03:37.020003;DVAM1;2837477;I;SELL;1;33.30
09:03:37.060003;DVAM1;2837470;C;BUY;706;32.70
09:03:37.060003;DVAM1;2837478;I;BUY;1;32.50
09:03:37.490003;DVAM1;2837479;I;BUY;19;32.40
09:03:37.850003;DVAM1;2837473;C;SELL;4;33.30
09:03:38.450003;DVAM1;2837477;A;SELL;1;32.80
09:03:38.790003;TEST9;2837362;C;BUY;3;47.10
09:03:38.790003;DVAM1;2837477;C;SELL;1;32.80
09:03:39.060003;DVAM2;2837480;I;SELL;58;9.10
09:03:39.060003;DVAM1;2837464;C;BUY;6;32.50
09:03:39.060003;DVAM1;2837478;C;BUY;1;32.50
09:03:39.060003;DVAM1;2837481;I;BUY;6;32.10
09:03:39.320003;DVAM1;2837482;I;SELL;6;32.80
09:03:39.780003;DVAM1;2837483;I;SELL;4;32.90
09:03:40.190003;DVAM1;2837483;C;SELL;4;32.90
09:03:40.460003;DVAM2;2837484;I;BUY;5;8.20
09:03:40.700003;DVAM1;2837476;A;BUY;4;32.20
09:03:41.040003;DVAM1;2837476;A;BUY;4;32.40
09:03:41.220003;DVAM1;2837482;A;SELL;6;33.00
09:03:41.530003;DVAM1;2837485;I;BUY;1;32.50
09:03:41.860003;DVAM1;2837476;C;BUY;4;32.40
09:03:42.190003;OTHER;2837463;C;SELL;6;18.30
09:03:42.640003;DVAM1;2837486;I;SELL;6;32.80
09:03:42.820003;DVAM1;2837482;C;SELL;6;33.00
09:03:43.080003;OTHER;2837383;C;BUY;4;17.70
09:03:43.080003;OTHER;2837487;I;SELL;630;18.00
09:03:43.190003;DVAM1;2837486;C;SELL;6;32.80
09:03:44.390003;DVAM1;2837466;C;BUY;7;32.40
09:03:44.730003;DVAM1;2837488;I;BUY;681;32.20
09:03:44.940003;DVAM1;2837479;C;BUY;19;32.40
09:03:44.940003;DVAM1;2837485;C;BUY;1;32.50
09:03:44.940003;DVAM1;2837489;I;SELL;4;32.90
09:03:44.970003;DVAM1;2837488;C;BUY;681;32.20
09:03:45.640003;DVAM1;2837490;I;SELL;5;33.30
09:03:45.710003;DVAM1;2837481;C;BUY;6;32.10
09:03:45.760003;DVAM1;2837491;I;SELL;6;32.70
09:03:46.060003;DVAM1;2837492;I;SELL;577;33.10
09:03:46.190003;DVAM2;2837480;A;SELL;6;9.10
09:03:46.210003;DVAM1;2837493;I;BUY;89;32.30
09:03:46.600003;DVAM1;2837489;A;SELL;4;32.60
09:03:47.480003;DVAM1;2837489;C;SELL;4;32.60
09:03:48.010003;DVAM1;2837490;C;SELL;5;33.30
09:03:49.080003;DVAM1;2837493;C;BUY;89;32.30
09:03:49.500003;DVAM1;2837491;C;SELL;6;32.70
09:03:50.380003;OTHER;2837494;I;BUY;4;17.50
09:03:50.790003;OTHER;2837475;A;SELL;3;17.90
09:03:51.050003;DVAM1;2837495;I;SELL;9;33.10
09:03:51.600003;DVAM1;2837496;I;BUY;9;32.50
09:03:51.900003;DVAM1;2837492;C;SELL;577;33.10
09:03:52.550003;DVAM1;2837497;I;SELL;5;33.20
09:03:52.680003;DVAM1;2837496;A;BUY;9;32.50
09:03:53.140003;DVAM1;2837495;C;SELL;9;33.10
09:03:53.140003;DVAM1;2837497;C;SELL;5;33.20
09:03:53.140003;DVAM1;2837498;I;BUY;9;33.00
09:03:53.550003;DVAM1;2837499;I;SELL;453;33.80
09:03:53.830003;TEST1;2837500;I;SELL;2;33.00
09:03:54.640003;DVAM2;2837480;C;SELL;6;9.10
09:03:54.790003;DVAM1;2837498;C;BUY;9;33.00
09:03:54.920003;DVAM1;2837496;C;BUY;9;32.50
09:03:55.350003;DVAM1;2837499;A;SELL;453;34.00
09:03:55.400003;DVAM1;2837499;A;SELL;453;33.80
09:03:55.580003;DVAM1;2837499;C;SELL;453;33.80
09:03:55.810003;OTHER;2837460;A;SELL;2;18.10
09:03:56.050003;OTHER;2837475;A;SELL;3;17.90
09:03:56.420003;DVAM1;2837501;I;SELL;4;33.80
09:03:56.690003;DVAM1;2837502;I;SELL;7;33.70
09:03:56.940003;DVAM1;2837502;C;SELL;7;33.70
09:03:57.220003;DVAM1;2837503;I;SELL;4;33.30
09:03:57.540003;DVAM1;2837501;C;SELL;4;33.80
09:03:57.870003;DVAM1;2837504;I;BUY;8;32.80
09:03:58.210003;DVAM1;2837503;C;SELL;4;33.30
09:03:58.490003;DVAM1;2837505;I;SELL;37;33.30
09:03:58.770003;DVAM1;2837506;I;SELL;3;33.40
09:03:59.140002;DVAM1;2837507;I;SELL;63;33.50
09:03:59.180002;DVAM1;2837506;A;SELL;3;33.40
09:03:59.400002;DVAM1;2837505;C;SELL;37;33.30
09:03:59.400002;DVAM1;2837506;C;SELL;3;33.40
09:03:59.400002;DVAM1;2837508;I;SELL;6;33.70
09:03:59.760002;DVAM1;2837504;C;BUY;8;32.80
09:03:59.950002;DVAM1;2837508;C;SELL;6;33.70
09:04:00.380002;DVAM2;2837484;C;BUY;5;8.20
09:04:01.090003;DVAM1;2837509;I;SELL;65;33.70
09:04:01.290003;DVAM1;2837510;I;SELL;3;33.50
09:04:01.440003;OTHER;2837494;C;BUY;4;17.50
09:04:01.440003;OTHER;2837511;I;BUY;3;16.90
09:04:01.700003;DVAM1;2837507;A;SELL;9;33.40
09:04:02.090003;OTHER;2837512;I;BUY;519;17.20
09:04:02.200003;DVAM1;2837513;I;SELL;19;33.50
09:04:02.320003;DVAM1;2837507;C;SELL;9;33.40
09:04:02.510003;DVAM2;2837514;I;BUY;8;8.50
09:04:02.850003;DVAM1;2837513;A;SELL;19;33.70
09:04:03.240002;DVAM1;2837509;C;SELL;65;33.70
09:04:03.310002;DVAM1;2837510;A;SELL;1;33.40
09:04:03.640002;DVAM1;2837510;C;SELL;1;33.40
09:04:03.760002;TEST3;2837515;I;BUY;81;6.90
09:04:03.920002;TEST6;2837516;I;SELL;2;21.90
09:04:04.360002;DVAM1;2837513;A;SELL;2;33.50
09:04:04.760002;OTHER;2837487;C;SELL;630;18.00
09:04:05.200002;DVAM1;2837517;I;BUY;4;32.60
09:04:05.490002;TEST0;2837518;I;SELL;1;23.10
09:04:05.690002;DVAM1;2837513;C;SELL;2;33.50
09:04:06.130002;DVAM2;2837474;C;BUY;3;8.50
09:04:06.760003;DVAM1;2837517;A;BUY;4;32.60
09:04:06.780003;DVAM1;2837517;C;BUY;4;32.60
09:04:07.230003;DVAM1;2837519;I;SELL;6;34.00
09:04:07.250003;DVAM1;2837520;I;SELL;9;33.70
09:04:07.800003;DVAM1;2837520;C;SELL;9;33.70
09:04:08.420003;DVAM1;2837521;I;SELL;1;33.40
09:04:09.370003;DVAM1;2837522;I;SELL;6;33.80
09:04:09.620003;OTHER;2837428;C;BUY;13;17.40
09:04:09.620003;OTHER;2837523;I;SELL;3;17.70
09:04:10.040003;DVAM1;2837521;A;SELL;1;33.40
09:04:10.070003;DVAM2;2837514;C;BUY;8;8.50
09:04:10.180003;DVAM2;2837524;I;BUY;4;8.60
09:04:10.310003;OTHER;2837523;C;SELL;3;17.70
09:04:10.600003;DVAM1;2837521;C;SELL;1;33.40
09:04:11.200003;DVAM1;2837525;I;SELL;5;33.90
09:04:11.500003;TEST6;2837526;I;SELL;866;22.10
09:04:11.770003;DVAM1;2837519;C;SELL;6;34.00
09:04:11.940003;DVAM1;2837522;C;SELL;6;33.80
09:04:12.140003;DVAM1;2837525;C;SELL;5;33.90
09:04:12.660003;DVAM1;2837527;I;SELL;995;34.00
09:04:12.760003;DVAM1;2837528;I;BUY;2;33.10
09:04:12.790003;OTHER;2837512;A;BUY;660;16.80
09:04:12.990003;DVAM1;2837528;C;BUY;2;33.10
09:04:13.000003;OTHER;2837529;I;SELL;5;17.70
09:04:13.180003;DVAM1;2837527;C;SELL;995;34.00
09:04:13.340003;DVAM1;2837530;I;SELL;2;34.60
09:04:13.760003;DVAM1;2837531;I;BUY;4;33.90
09:04:14.110003;DVAM1;2837531;A;BUY;4;33.60
09:04:14.800003;DVAM2;2837532;I;SELL;1;9.00
09:04:15.290003;DVAM1;2837531;A;BUY;6;33.60
09:04:15.490003;DVAM1;2837531;C;BUY;6;33.60
09:04:15.650003;TEST7;2837284;C;BUY;6;27.00
09:04:15.850003;DVAM1;2837530;C;SELL;2;34.60
09:04:15.960003;DVAM1;2837533;I;SELL;3;34.90
09:04:16.360003;DVAM1;2837533;C;SELL;3;34.90
09:04:16.490003;TEST0;2837534;I;SELL;348;23.10
09:04:16.770003;TEST4;2837535;I;BUY;8;15.00
09:04:16.870003;DVAM1;2837536;I;BUY;4;33.80
09:04:17.780003;DVAM1;2837536;C;BUY;4;33.80
09:04:18.210003;DVAM1;2837537;I;SELL;6;34.70
09:04:18.620003;DVAM1;2837537;A;SELL;6;34.70
09:04:19.100003;DVAM1;2837538;I;SELL;3;35.10
09:04:19.170003;DVAM1;2837537;C;SELL;6;34.70
09:04:19.360003;DVAM1;2837539;I;BUY;3;34.00
09:04:19.920003;DVAM1;2837538;A;SELL;3;35.10
09:04:20.350003;TEST0;2837540;I;BUY;7;22.60
09:04:21.150003;DVAM1;2837541;I;BUY;7;34.30
09:04:21.200003;DVAM1;2837539;C;BUY;3;34.00
09:04:21.640003;DVAM1;2837542;I;SELL;637;34.90
09:04:22.060004;DVAM1;2837543;I;BUY;8;34.40
09:04:22.360003;DVAM1;2837542;C;SELL;637;34.90
09:04:22.360003;DVAM1;2837544;I;SELL;3;35.60
09:04:23.170004;DVAM1;2837538;C;SELL;3;35.10
09:04:23.170004;DVAM1;2837545;I;SELL;3;35.40
09:04:23.890003;DVAM2;2837524;C;BUY;4;8.60
09:04:24.130003;DVAM1;2837544;C;SELL;3;35.60
09:04:24.730004;TEST5;2837471;C;SELL;223;32.30
09:04:25.070004;DVAM1;2837546;I;BUY;5;35.00
09:04:25.300004;DVAM1;2837546;C;BUY;5;35.00
09:04:25.680004;DVAM1;2837543;A;BUY;8;35.20
09:04:26.130004;DVAM1;2837545;A;SELL;2;36.00
09:04:26.320004;DVAM1;2837547;I;SELL;16;36.10
09:04:26.670004;TEST3;2837548;I;SELL;7;7.80
09:04:26.960004;DVAM1;2837549;I;SELL;6;36.00
09:04:27.310004;OTHER;2837511;C;BUY;3;16.90
09:04:27.640003;DVAM1;2837549;C;SELL;6;36.00
09:04:28.310004;DVAM1;2837550;I;BUY;5;35.20
09:04:28.840003;DVAM2;2837532;A;SELL;1;9.00
09:04:29.270004;DVAM1;2837551;I;BUY;3;35.10
09:04:30.050004;DVAM1;2837551;C;BUY;3;35.10
09:04:30.170003;DVAM1;2837541;C;BUY;7;34.30
09:04:30.230003;TEST6;2837552;I;BUY;5;21.10
09:04:30.930003;DVAM1;2837547;C;SELL;16;36.10
09:04:31.370003;DVAM1;2837543;C;BUY;8;35.20
09:04:31.680003;DVAM1;2837550;C;BUY;5;35.20
09:04:32.080003;TEST5;2837553;I;SELL;6;32.30
09:04:32.380003;TEST2;2837285;C;BUY;68;39.60
09:04:32.610003;DVAM1;2837554;I;BUY;1;34.70
09:04:32.690003;TEST7;2837555;I;SELL;117;27.60
09:04:32.700003;DVAM1;2837545;C;SELL;2;36.00
09:04:32.820003;OTHER;2837556;I;BUY;501;17.00
09:04:33.150003;OTHER;2837529;A;SELL;5;17.50
09:04:33.250003;DVAM1;2837554;A;BUY;1;34.70
09:04:33.720003;DVAM1;2837554;C;BUY;1;34.70
09:04:34.070003;DVAM2;2837557;I;BUY;694;8.50
09:04:34.530003;DVAM1;2837558;I;BUY;2;34.40
09:04:35.410003;DVAM1;2837558;C;BUY;2;34.40
09:04:35.540003;DVAM1;2837559;I;BUY;52;34.90
09:04:35.870003;DVAM1;2837560;I;BUY;6;34.70
09:04:35.890003;DVAM1;2837561;I;BUY;7;34.90
09:04:36.080003;DVAM1;2837562;I;BUY;7;34.50
09:04:36.370003;DVAM1;2837561;C;BUY;7;34.90
09:04:36.720003;DVAM1;2837563;I;BUY;8;34.60
09:04:37.160003;DVAM1;2837563;C;BUY;8;34.60
09:04:38.440003;DVAM1;2837559;C;BUY;52;34.90
09:04:38.440003;DVAM1;2837564;I;BUY;3;34.50
09:04:38.880003;DVAM1;2837564;C;BUY;3;34.50
09:04:39.260003;DVAM1;2837562;C;BUY;7;34.50
09:04:39.440003;DVAM1;2837560;A;BUY;6;34.80
09:04:39.610003;DVAM2;2837565;I;SELL;6;9.40
09:04:40.400003;OTHER;2837436;C;SELL;7;18.50
09:04:40.560003;OTHER;2837566;I;BUY;8;16.80
09:04:40.720003;DVAM1;2837560;C;BUY;6;34.80
09:04:40.810003;DVAM1;2837567;I;BUY;3;34.60
09:04:41.120003;DVAM1;2837568;I;BUY;8;34.80
09:04:41.370003;TEST6;2837552;C;BUY;5;21.10
09:04:42.210003;DVAM1;2837568;A;BUY;596;34.40
09:04:42.440003;OTHER;2837566;C;BUY;8;16.80
09:04:42.640003;DVAM1;2837569;I;BUY;6;34.60
09:04:43.080003;DVAM1;2837570;I;SELL;60;35.40
09:04:43.520003;DVAM1;2837571;I;SELL;7;35.70
09:04:43.950003;DVAM2;2837572;I;BUY;449;8.20
09:04:44.640003;DVAM1;2837573;I;SELL;8;35.70
09:04:45.130003;DVAM1;2837570;C;SELL;60;35.40
09:04:45.420003;OTHER;2837574;I;SELL;7;17.90
09:04:45.690003;DVAM1;2837569;C;BUY;6;34.60
09:04:46.540003;DVAM1;2837571;C;SELL;7;35.70
09:04:46.800003;DVAM1;2837567;C;BUY;3;34.60
09:04:47.050003;DVAM1;2837568;C;BUY;596;34.40
09:04:48.360003;DVAM1;2837573;A;SELL;8;36.10
09:04:48.410003;DVAM1;2837573;C;SELL;8;36.10
09:04:49.380003;DVAM2;2837557;C;BUY;694;8.50
09:04:49.670003;DVAM1;2837575;I;SELL;9;36.20
09:04:49.960003;OTHER;2837529;A;SELL;58;17.60
09:04:49.990003;DVAM1;2837576;I;BUY;6;35.30
09:04:50.010003;DVAM1;2837577;I;SELL;7;36.40
09:04:50.930003;DVAM1;2837576;C;BUY;6;35.30
09:04:51.030003;DVAM2;2837572;C;BUY;449;8.20
09:04:51.040003;DVAM1;2837578;I;SELL;429;36.60
09:04:51.140003;DVAM1;2837575;C;SELL;9;36.20
09:04:51.140003;DVAM1;2837579;I;SELL;5;36.70
09:04:51.510003;DVAM1;2837580;I;BUY;4;35.70
09:04:52.160003;DVAM1;2837580;C;BUY;4;35.70
09:04:52.410003;OTHER;2837475;C;SELL;3;17.90
09:04:52.460003;DVAM1;2837577;C;SELL;7;36.40
09:04:52.460003;DVAM1;2837581;I;SELL;7;36.70
09:04:52.770003;DVAM1;2837582;I;BUY;5;36.00
09:04:53.090003;DVAM1;2837583;I;SELL;5;37.00
09:04:54.170003;DVAM1;2837579;C;SELL;5;36.70
09:04:54.550003;DVAM1;2837581;A;SELL;7;36.80
09:04:55.590003;DVAM1;2837578;A;SELL;429;36.60
09:04:56.050003;DVAM1;2837584;I;BUY;8;36.20
09:04:57.890003;DVAM1;2837581;C;SELL;7;36.80
09:04:58.940003;DVAM1;2837582;A;BUY;5;36.00
09:04:59.420003;DVAM1;2837584;C;BUY;8;36.20
09:04:59.550004;TEST3;2837585;I;SELL;754;7.80
09:04:59.590003;DVAM1;2837583;C;SELL;5;37.00
09:05:00.320004;DVAM1;2837578;C;SELL;429;36.60
09:05:00.320004;DVAM1;2837586;I;SELL;8;37.10
09:05:00.530004;TEST4;2837535;A;BUY;8;15.00
09:05:00.830003;DVAM1;2837587;I;BUY;3;36.20
09:05:00.870003;DVAM1;2837586;C;SELL;8;37.10
09:05:01.020004;DVAM1;2837587;C;BUY;3;36.20
09:05:01.270004;DVAM1;2837582;A;BUY;5;36.80
09:05:01.920004;DVAM1;2837582;C;BUY;5;36.80
09:05:02.680004;DVAM2;2837565;C;SELL;6;9.40
09:05:03.400004;DVAM1;2837588;I;SELL;8;37.60
09:05:03.460004;DVAM1;2837589;I;BUY;1;36.50
09:05:03.490004;DVAM1;2837590;I;BUY;7;36.40
09:05:03.720004;DVAM1;2837591;I;BUY;3;36.50
09:05:04.770004;DVAM1;2837588;C;SELL;8;37.60
09:05:05.260004;DVAM1;2837592;I;BUY;8;36.50
09:05:05.660004;OTHER;2837529;C;SELL;58;17.60
09:05:06.800004;DVAM1;2837593;I;SELL;2;37.20
09:05:07.230004;DVAM1;2837592;A;BUY;8;36.40
09:05:07.520004;DVAM1;2837590;C;BUY;7;36.40
09:05:07.930004;DVAM2;2837532;C;SELL;1;9.00
09:05:08.340004;DVAM1;2837591;C;BUY;3;36.50
09:05:08.570004;DVAM1;2837594;I;BUY;21;36.70
09:05:08.880004;DVAM2;2837595;I;BUY;3;8.40
09:05:09.300004;DVAM1;2837596;I;SELL;7;37.60
09:05:09.780004;TEST2;2837597;I;BUY;5;39.50
09:05:09.990004;TEST8;2837598;I;SELL;4;10.40
09:05:10.860004;DVAM1;2837599;I;SELL;6;37.10
09:05:10.890004;DVAM1;2837594;A;BUY;21;36.20
09:05:11.380004;TEST9;2837600;I;SELL;7;47.80
09:05:12.020004;DVAM1;2837594;C;BUY;21;36.20
09:05:12.170004;DVAM2;2837595;C;BUY;3;8.40
09:05:12.590004;DVAM1;2837592;C;BUY;8;36.40
09:05:12.660004;DVAM1;2837593;A;SELL;2;37.20
09:05:12.780004;DVAM1;2837593;C;SELL;2;37.20
09:05:13.140004;DVAM1;2837599;C;SELL;6;37.10
09:05:13.140004;DVAM1;2837601;I;SELL;8;37.80
09:05:13.200004;DVAM1;2837602;I;SELL;6;37.40
09:05:14.310004;DVAM1;2837589;C;BUY;1;36.50
09:05:14.330004;OTHER;2837429;C;BUY;8;17.20
09:05:14.330004;OTHER;2837603;I;SELL;8;17.50
09:05:14.590004;DVAM1;2837596;A;SELL;7;37.60
09:05:15.070004;DVAM1;2837604;I;SELL;1;37.70
09:05:15.530004;DVAM1;2837605;I;SELL;7;37.40
09:05:15.830004;DVAM1;2837606;I;BUY;33;36.90
09:05:16.010004;DVAM1;2837607;I;SELL;578;37.50
09:05:16.360004;DVAM2;2837608;I;SELL;8;9.60
09:05:16.720004;DVAM1;2837601;C;SELL;8;37.80
09:05:16.840003;DVAM1;2837602;C;SELL;6;37.40
09:05:17.260004;DVAM1;2837607;C;SELL;578;37.50
09:05:17.680004;DVAM1;2837605;A;SELL;7;37.70
09:05:18.090003;DVAM1;2837609;I;BUY;8;36.90
09:05:18.230004;DVAM1;2837610;I;BUY;100;36.90
09:05:18.490004;DVAM1;2837609;C;BUY;8;36.90
09:05:18.700004;DVAM1;2837605;A;SELL;7;38.20
09:05:18.930004;DVAM1;2837611;I;SELL;8;37.80
09:05:19.160004;DVAM1;2837611;C;SELL;8;37.80
09:05:19.610004;DVAM1;2837596;C;SELL;7;37.60
09:05:19.660004;DVAM1;2837604;A;SELL;1;37.70
09:05:19.970004;OTHER;2837512;C;BUY;660;16.80
09:05:20.110004;DVAM1;2837604;A;SELL;8;38.10
09:05:20.540004;DVAM1;2837612;I;BUY;3;37.30
09:05:20.630004;DVAM1;2837613;I;SELL;2;38.20
09:05:20.990004;DVAM1;2837610;C;BUY;100;36.90
09:05:21.130004;DVAM1;2837613;A;SELL;2;37.90
09:05:21.380004;DVAM1;2837613;C;SELL;2;37.90
09:05:21.450004;DVAM1;2837612;C;BUY;3;37.30
09:05:21.940004;DVAM1;2837614;I;SELL;9;38.10
09:05:22.220004;OTHER;2837460;A;SELL;2;17.60
09:05:22.410004;DVAM1;2837615;I;BUY;55;37.40
09:05:22.520004;DVAM1;2837604;C;SELL;8;38.10
09:05:22.740004;DVAM1;2837614;C;SELL;9;38.10
09:05:23.110003;DVAM1;2837605;C;SELL;7;38.20
09:05:23.590003;DVAM2;2837616;I;SELL;357;9.60
09:05:23.990004;DVAM2;2837608;C;SELL;8;9.60
09:05:24.320004;DVAM1;2837617;I;BUY;1;37.80
09:05:24.420003;DVAM1;2837617;C;BUY;1;37.80
09:05:24.660003;DVAM1;2837606;A;BUY;7;37.80
09:05:24.870003;DVAM1;2837615;C;BUY;55;37.40
09:05:25.250004;DVAM2;2837616;C;SELL;357;9.60
09:05:25.440004;DVAM1;2837618;I;SELL;4;38.90
09:05:25.540004;OTHER;2837574;C;SELL;7;17.90
09:05:25.860003;DVAM1;2837618;C;SELL;4;38.90
09:05:25.870003;DVAM1;2837606;C;BUY;7;37.80
09:05:26.290004;DVAM1;2837619;I;SELL;86;38.90
09:05:26.310004;DVAM1;2837620;I;SELL;8;39.10
09:05:26.650003;DVAM1;2837620;C;SELL;8;39.10
09:05:27.160003;DVAM1;2837619;A;SELL;86;38.90
09:05:27.230003;DVAM1;2837621;I;BUY;8;38.10
09:05:27.610003;DVAM1;2837621;C;BUY;8;38.10
09:05:28.540004;DVAM1;2837619;C;SELL;86;38.90
09:05:28.910003;DVAM1;2837622;I;SELL;3;39.20
09:05:28.910003;DVAM1;2837622;C;SELL;3;39.20
09:05:28.910003;DVAM1;2837623;I;BUY;20;38.10
09:05:29.020003;DVAM1;2837623;C;BUY;20;38.10
09:05:29.220003;TEST1;2837624;I;BUY;7;32.10
09:05:29.430003;DVAM1;2837625;I;BUY;4;38.20
09:05:29.530003;DVAM1;2837626;I;BUY;5;38.30
09:05:29.970003;DVAM1;2837626;A;BUY;5;38.40
09:05:30.140003;DVAM1;2837627;I;SELL;5;39.30
09:05:30.690003;DVAM1;2837628;I;SELL;7;39.30
09:05:31.550004;DVAM1;2837625;C;BUY;4;38.20
09:05:32.170003;DVAM1;2837629;I;SELL;3;39.50
09:05:32.170003;DVAM1;2837630;I;BUY;9;38.40
09:05:32.220003;DVAM1;2837626;C;BUY;5;38.40
09:05:32.620003;OTHER;2837603;A;SELL;54;17.60
09:05:32.690003;DVAM1;2837630;A;BUY;9;38.50
09:05:32.720003;DVAM1;2837628;C;SELL;7;39.30
09:05:32.800003;DVAM1;2837629;C;SELL;3;39.50
09:05:32.890003;DVAM1;2837630;C;BUY;9;38.50
09:05:33.250003;DVAM1;2837627;C;SELL;5;39.30
09:05:33.630003;DVAM1;2837631;I;SELL;19;38.90
09:05:33.650003;DVAM1;2837632;I;SELL;1;38.70
09:05:33.870003;TEST2;2837597;C;BUY;5;39.50
09:05:34.130003;DVAM1;2837631;C;SELL;19;38.90
09:05:34.360003;DVAM1;2837632;C;SELL;1;38.70
09:05:34.570003;DVAM2;2837633;I;SELL;9;9.70
09:05:34.670003;DVAM1;2837634;I;SELL;4;39.20
09:05:35.030003;DVAM1;2837634;A;SELL;4;39.20
09:05:35.430003;DVAM1;2837634;C;SELL;4;39.20
09:05:35.460003;DVAM1;2837635;I;SELL;41;38.80
09:05:35.950003;DVAM1;2837635;C;SELL;41;38.80
09:05:36.130003;DVAM1;2837636;I;BUY;95;38.20
09:05:36.200003;DVAM1;2837637;I;BUY;923;38.50
09:05:36.410003;DVAM1;2837637;C;BUY;923;38.50
09:05:36.560003;DVAM1;2837638;I;BUY;2;38.40
09:05:37.460003;DVAM2;2837639;I;BUY;1;8.80
09:05:37.990003;DVAM1;2837640;I;BUY;43;38.40
09:05:38.000003;DVAM1;2837636;C;BUY;95;38.20
09:05:38.530003;DVAM1;2837640;C;BUY;43;38.40
09:05:38.770003;DVAM1;2837638;C;BUY;2;38.40
09:05:39.200003;DVAM1;2837641;I;SELL;6;39.20
09:05:39.660003;DVAM1;2837642;I;BUY;1;38.20
09:05:40.010003;DVAM1;2837641;C;SELL;6;39.20
09:05:40.690003;DVAM1;2837642;C;BUY;1;38.20
09:05:40.690003;DVAM1;2837643;I;SELL;8;38.60
09:05:40.760003;DVAM2;2837633;C;SELL;9;9.70
09:05:41.050003;DVAM1;2837644;I;BUY;1;37.70
09:05:41.230003;DVAM1;2837645;I;SELL;8;38.70
09:05:41.660003;DVAM1;2837644;C;BUY;1;37.70
09:05:42.050004;DVAM1;2837645;C;SELL;8;38.70
09:05:42.220004;DVAM1;2837643;C;SELL;8;38.60
09:05:42.710004;OTHER;2837460;A;SELL;2;17.80
09:05:43.200004;TEST2;2837646;I;BUY;1;39.40
09:05:43.620004;DVAM1;2837647;I;BUY;477;37.50
09:05:43.920004;DVAM1;2837648;I;SELL;3;38.70
09:05:43.960004;DVAM1;2837649;I;BUY;6;38.00
09:05:44.480004;DVAM1;2837647;C;BUY;477;37.50
09:05:44.600003;OTHER;2837556;A;BUY;6;16.80
09:05:44.700003;TEST9;2837650;I;BUY;1;46.90
09:05:45.150003;DVAM1;2837649;C;BUY;6;38.00
09:05:45.590003;DVAM1;2837648;C;SELL;3;38.70
09:05:45.960003;TEST5;2837553;C;SELL;6;32.30
09:05:45.980003;DVAM1;2837651;I;SELL;3;38.70
09:05:46.190003;DVAM1;2837652;I;SELL;8;38.50
09:05:46.580003;DVAM1;2837651;A;SELL;2;38.80
09:05:47.000003;OTHER;2837603;C;SELL;54;17.60
09:05:47.270003;DVAM1;2837653;I;BUY;3;37.90
09:05:47.730003;DVAM1;2837652;A;SELL;8;38.60
09:05:47.910003;DVAM1;2837654;I;BUY;7;37.80
09:05:47.910003;DVAM1;2837652;C;SELL;8;38.60
09:05:48.380003;DVAM1;2837655;I;BUY;7;38.00
09:05:48.420003;DVAM1;2837654;C;BUY;7;37.80
09:05:48.730003;DVAM1;2837653;C;BUY;3;37.90
09:05:48.740003;DVAM1;2837656;I;BUY;6;37.60
09:05:49.170003;DVAM1;2837651;C;SELL;2;38.80
09:05:49.290003;DVAM1;2837657;I;BUY;49;37.80
09:05:49.770003;DVAM1;2837658;I;BUY;9;37.70
09:05:49.990003;DVAM1;2837659;I;SELL;49;38.60
09:05:50.300003;DVAM2;2837639;C;BUY;1;8.80
09:05:50.720003;DVAM1;2837660;I;SELL;97;38.30
09:05:51.170003;DVAM1;2837656;A;BUY;6;37.60
09:05:51.260003;DVAM1;2837657;C;BUY;49;37.80
09:05:51.890003;DVAM1;2837660;C;SELL;97;38.30
09:05:51.890003;DVAM1;2837661;I;BUY;7;37.50
09:05:52.380003;DVAM1;2837655;C;BUY;7;38.00
09:05:52.380003;DVAM1;2837662;I;SELL;4;38.40
09:05:52.700003;DVAM1;2837659;C;SELL;49;38.60
09:05:53.740003;DVAM1;2837663;I;BUY;1;37.70
09:05:53.970003;DVAM1;2837656;C;BUY;6;37.60
09:05:54.420003;DVAM1;2837663;A;BUY;5;37.70
09:05:54.930003;DVAM1;2837664;I;BUY;551;37.40
09:05:55.350003;DVAM2;2837665;I;SELL;7;9.40
09:05:56.080003;TEST6;2837526;C;SELL;866;22.10
09:05:56.430003;DVAM1;2837662;A;SELL;3;38.20
09:05:56.570004;DVAM2;2837665;C;SELL;7;9.40
09:05:57.170004;DVAM1;2837663;A;BUY;5;37.60
09:05:57.250004;DVAM1;2837664;A;BUY;664;37.70
09:05:57.600003;DVAM1;2837663;A;BUY;4;37.40
09:05:57.870003;DVAM1;2837664;C;BUY;664;37.70
09:05:58.000004;DVAM1;2837663;A;BUY;4;37.00
09:05:58.040004;DVAM1;2837658;C;BUY;9;37.70
09:05:58.040004;DVAM1;2837666;I;BUY;947;37.10
09:05:58.170004;DVAM1;2837663;A;BUY;4;37.00
09:05:58.310004;DVAM1;2837662;C;SELL;3;38.20
09:05:58.620004;DVAM1;2837661;C;BUY;7;37.50
09:05:58.830004;DVAM1;2837666;A;BUY;947;37.10
09:05:58.900004;DVAM1;2837663;C;BUY;4;37.00
09:05:58.950004;DVAM1;2837667;I;SELL;9;38.00
09:06:00.370004;DVAM1;2837666;A;BUY;947;37.10
09:06:00.440004;DVAM2;2837668;I;SELL;2;9.90
09:06:00.510004;DVAM1;2837667;C;SELL;9;38.00
09:06:01.150004;DVAM1;2837669;I;BUY;6;37.20
09:06:01.550004;OTHER;2837460;C;SELL;2;17.80
09:06:02.490004;DVAM1;2837670;I;BUY;2;36.90
09:06:02.920004;DVAM1;2837666;C;BUY;947;37.10
09:06:03.580004;DVAM1;2837671;I;BUY;5;37.30
09:06:03.940004;DVAM1;2837671;C;BUY;5;37.30
09:06:04.290004;TEST7;2837672;I;BUY;8;26.90
09:06:04.440004;DVAM1;2837670;C;BUY;2;36.90
09:06:04.690004;DVAM1;2837669;C;BUY;6;37.20
09:06:04.900004;DVAM1;2837673;I;SELL;44;37.90
09:06:05.210004;DVAM1;2837674;I;SELL;6;38.00
09:06:05.610004;DVAM1;2837674;A;SELL;2;38.00
09:06:05.870004;DVAM2;2837668;C;SELL;2;9.90
09:06:05.980004;DVAM1;2837674;A;SELL;2;38.30
09:06:05.990004;DVAM1;2837673;C;SELL;44;37.90
09:06:06.150004;DVAM1;2837674;A;SELL;2;38.10
09:06:06.290004;DVAM1;2837675;I;BUY;4;36.90
09:06:06.630003;DVAM1;2837674;C;SELL;2;38.10
09:06:07.010004;DVAM2;2837676;I;BUY;1;9.00
09:06:07.490004;DVAM1;2837675;C;BUY;4;36.90
09:06:07.930004;DVAM2;2837677;I;BUY;42;9.00
09:06:08.400004;TEST7;2837672;C;BUY;8;26.90
09:06:08.660004;OTHER;2837556;C;BUY;6;16.80
09:06:08.910004;DVAM1;2837678;I;BUY;6;36.80
09:06:09.350004;DVAM1;2837679;I;SELL;8;37.50
09:06:09.470004;DVAM1;2837680;I;SELL;7;37.40
09:06:09.880004;DVAM1;2837678;A;BUY;6;36.30
09:06:09.930004;DVAM1;2837679;C;SELL;8;37.50
09:06:09.980004;DVAM1;2837678;A;BUY;6;36.30
09:06:10.050004;DVAM1;2837680;C;SELL;7;37.40
09:06:10.500004;DVAM1;2837678;A;BUY;6;36.20
09:06:10.920004;DVAM1;2837678;A;BUY;6;36.50
09:06:11.260004;DVAM2;2837676;C;BUY;1;9.00
09:06:11.850004;DVAM1;2837678;A;BUY;6;36.50
09:06:12.220004;DVAM1;2837681;I;SELL;7;37.30
09:06:12.230004;OTHER;2837682;I;SELL;8;17.40
09:06:12.350003;TEST7;2837683;I;SELL;4;27.90
09:06:12.840003;DVAM2;2837677;C;BUY;42;9.00
09:06:13.080003;DVAM1;2837681;C;SELL;7;37.30
09:06:13.280004;DVAM1;2837684;I;SELL;8;37.40
09:06:13.360003;DVAM1;2837685;I;BUY;9;36.60
09:06:13.480003;DVAM1;2837684;A;SELL;6;37.20
09:06:13.800003;DVAM1;2837684;A;SELL;6;37.20
09:06:14.150003;DVAM2;2837686;I;SELL;9;9.50
09:06:14.390003;DVAM1;2837685;C;BUY;9;36.60
09:06:14.900003;DVAM1;2837684;A;SELL;6;37.10
09:06:15.010003;DVAM1;2837684;C;SELL;6;37.10
09:06:15.480003;DVAM1;2837678;C;BUY;6;36.50
09:06:15.750003;DVAM1;2837687;I;BUY;4;36.20
09:06:15.840003;OTHER;2837682;A;SELL;8;17.40
09:06:16.050003;DVAM1;2837687;C;BUY;4;36.20
09:06:16.430003;DVAM1;2837688;I;SELL;1;37.20
09:06:16.670003;DVAM1;2837688;C;SELL;1;37.20
09:06:16.730003;DVAM1;2837689;I;BUY;5;36.40
09:06:17.070003;DVAM1;2837690;I;BUY;4;36.40
09:06:17.370003;DVAM2;2837691;I;BUY;7;8.40
09:06:17.800003;DVAM2;2837692;I;SELL;7;9.10
09:06:18.310003;DVAM1;2837690;C;BUY;4;36.40
09:06:18.510003;DVAM1;2837689;A;BUY;5;36.40
09:06:18.670003;DVAM1;2837689;C;BUY;5;36.40
09:06:18.680003;DVAM1;2837693;I;SELL;7;37.10
09:06:20.180003;DVAM1;2837693;C;SELL;7;37.10
09:06:20.360003;DVAM1;2837694;I;SELL;8;37.00
09:06:20.710003;DVAM1;2837695;I;SELL;1;37.20
09:06:20.790003;DVAM1;2837695;A;SELL;1;37.20
09:06:20.830003;DVAM1;2837695;C;SELL;1;37.20
09:06:20.880003;DVAM1;2837694;C;SELL;8;37.00
09:06:21.170003;DVAM1;2837696;I;SELL;3;37.10
09:06:21.350003;DVAM2;2837697;I;BUY;715;8.40
09:06:21.410003;DVAM1;2837696;A;SELL;7;36.80
09:06:21.610003;DVAM1;2837698;I;SELL;23;37.00
09:06:21.650003;OTHER;2837699;I;SELL;5;17.00
09:06:21.750003;DVAM1;2837700;I;SELL;3;36.80
09:06:21.840003;DVAM1;2837698;C;SELL;23;37.00
09:06:22.340003;DVAM1;2837701;I;SELL;9;36.80
09:06:22.760003;DVAM1;2837696;A;SELL;7;36.80
09:06:23.510003;DVAM1;2837700;C;SELL;3;36.80
09:06:23.530003;DVAM1;2837696;C;SELL;7;36.80
09:06:23.990003;DVAM1;2837702;I;SELL;5;36.80
09:06:24.070003;DVAM1;2837703;I;BUY;1;35.80
09:06:24.300003;OTHER;2837699;C;SELL;5;17.00
09:06:24.300003;TEST6;2837704;I;SELL;6;21.90
09:06:24.750003;OTHER;2837705;I;BUY;396;16.40
09:06:25.500003;DVAM1;2837703;C;BUY;1;35.80
09:06:26.030003;DVAM1;2837701;C;SELL;9;36.80
09:06:26.370003;DVAM1;2837702;C;SELL;5;36.80
09:06:26.450003;OTHER;2837705;A;BUY;396;16.20
09:06:26.540003;DVAM1;2837706;I;BUY;9;35.90
09:06:27.570003;DVAM1;2837706;C;BUY;9;35.90
09:06:27.750003;DVAM1;2837707;I;BUY;62;35.60
09:06:28.030003;DVAM1;2837708;I;BUY;20;36.00
09:06:28.040003;DVAM1;2837709;I;BUY;5;35.50
09:06:28.370003;DVAM1;2837708;A;BUY;20;35.50
09:06:28.510003;DVAM1;2837710;I;SELL;21;36.30
09:06:28.600003;DVAM1;2837709;A;BUY;5;35.40
09:06:29.050003;OTHER;2837711;I;SELL;6;17.10
09:06:29.350003;DVAM1;2837710;A;SELL;21;36.20
09:06:29.460003;TEST9;2837712;I;BUY;8;46.90
09:06:29.570003;DVAM2;2837692;C;SELL;7;9.10
09:06:30.530003;TEST9;2837713;I;BUY;2;47.20
09:06:30.690003;DVAM1;2837714;I;SELL;5;36.40
09:06:30.930003;DVAM1;2837707;A;BUY;62;35.60
09:06:31.220003;DVAM1;2837714;C;SELL;5;36.40
09:06:31.450003;DVAM1;2837707;C;BUY;62;35.60
09:06:33.360003;DVAM1;2837710;C;SELL;21;36.20
09:06:33.360003;DVAM1;2837715;I;BUY;1;36.10
09:06:33.640002;DVAM1;2837716;I;BUY;185;35.90
09:06:33.750002;OTHER;2837717;I;BUY;5;16.40
09:06:34.470002;DVAM1;2837715;C;BUY;1;36.10
09:06:35.250003;DVAM1;2837709;C;BUY;5;35.40
09:06:35.360003;DVAM1;2837718;I;BUY;6;36.30
09:06:35.650002;DVAM1;2837708;C;BUY;20;35.50
09:06:36.070003;DVAM1;2837718;A;BUY;6;36.30
09:06:36.070003;DVAM1;2837719;I;BUY;1;36.30
09:06:36.340003;DVAM1;2837716;C;BUY;185;35.90
09:06:36.530003;DVAM2;2837697;C;BUY;715;8.40
09:06:36.540003;DVAM1;2837720;I;BUY;5;36.90
09:06:36.790003;DVAM1;2837721;I;SELL;79;37.40
09:06:36.810003;DVAM1;2837720;C;BUY;5;36.90
09:06:36.970003;DVAM1;2837722;I;SELL;2;37.50
09:06:37.380003;DVAM2;2837691;A;BUY;7;8.40
09:06:38.040003;DVAM1;2837719;C;BUY;1;36.30
09:06:38.150002;DVAM1;2837723;I;SELL;8;37.70
09:06:39.210003;DVAM1;2837723;A;SELL;8;37.50
09:06:39.620003;DVAM1;2837724;I;BUY;5;36.60
09:06:39.910002;DVAM1;2837725;I;BUY;6;37.00
09:06:39.930002;DVAM1;2837726;I;SELL;7;37.80
09:06:40.030002;DVAM1;2837724;C;BUY;5;36.60
09:06:40.540002;DVAM1;2837722;C;SELL;2;37.50
09:06:40.900002;DVAM1;2837718;A;BUY;6;36.30
09:06:41.550002;DVAM1;2837723;C;SELL;8;37.50
09:06:41.760002;DVAM1;2837727;I;BUY;3;36.80
09:06:41.960002;OTHER;2837728;I;SELL;3;17.20
09:06:42.930002;DVAM1;2837721;C;SELL;79;37.40
09:06:42.930002;DVAM1;2837729;I;SELL;8;37.80
09:06:43.090002;DVAM1;2837727;C;BUY;3;36.80
09:06:43.480002;DVAM2;2837730;I;BUY;8;8.60
09:06:43.920002;TEST6;2837704;C;SELL;6;21.90
09:06:44.060003;DVAM1;2837731;I;BUY;231;36.90
09:06:44.370003;DVAM1;2837731;A;BUY;231;36.90
09:06:44.910002;DVAM1;2837732;I;SELL;2;37.70
09:06:45.110003;DVAM1;2837718;C;BUY;6;36.30
09:06:45.520003;DVAM1;2837726;A;SELL;735;38.10
09:06:45.620003;DVAM1;2837731;C;BUY;231;36.90
09:06:46.050003;DVAM1;2837733;I;BUY;1;36.90
09:06:46.760002;OTHER;2837734;I;SELL;2;17.20
09:06:47.080002;DVAM1;2837726;C;SELL;735;38.10
09:06:47.820002;DVAM1;2837735;I;SELL;1;38.00
09:06:48.270002;DVAM1;2837735;C;SELL;1;38.00
09:06:48.560002;TEST0;2837534;C;SELL;348;23.10
09:06:48.870002;DVAM1;2837736;I;SELL;3;37.60
09:06:49.090002;DVAM1;2837736;C;SELL;3;37.60
09:06:49.360002;DVAM1;2837737;I;SELL;679;37.90
09:06:49.700002;DVAM1;2837725;C;BUY;6;37.00
09:06:50.230002;DVAM1;2837738;I;SELL;9;37.60
09:06:50.410002;DVAM2;2837739;I;BUY;623;8.40
09:06:50.720002;DVAM1;2837740;I;SELL;57;37.90
09:06:50.890002;DVAM1;2837741;I;SELL;6;37.70
09:06:51.120003;DVAM1;2837742;I;BUY;7;36.80
09:06:51.350003;DVAM1;2837738;C;SELL;9;37.60
09:06:52.010003;DVAM1;2837743;I;BUY;5;37.20
09:06:52.180003;DVAM1;2837744;I;SELL;76;38.00
09:06:52.520003;DVAM1;2837745;I;SELL;6;37.80
09:06:52.580003;OTHER;2837746;I;SELL;32;17.20
09:06:52.680002;DVAM1;2837747;I;BUY;7;36.90
09:06:53.320003;DVAM1;2837737;C;SELL;679;37.90
09:06:54.370003;DVAM1;2837748;I;BUY;832;37.10
09:06:54.730002;DVAM2;2837749;I;SELL;3;9.30
09:06:55.060002;DVAM1;2837750;I;BUY;1;36.90
09:06:55.400002;TEST9;2837751;I;SELL;8;48.00
09:06:56.300002;DVAM1;2837750;C;BUY;1;36.90
09:06:56.640002;DVAM1;2837748;A;BUY;832;37.10
09:06:56.730002;DVAM1;2837752;I;SELL;359;38.20
09:06:57.400002;DVAM1;2837729;A;SELL;8;38.20
09:06:57.570002;DVAM1;2837741;A;SELL;6;37.70
09:06:57.740002;DVAM2;2837749;C;SELL;3;9.30
09:06:57.830002;DVAM1;2837732;C;SELL;2;37.70
09:06:58.260002;DVAM1;2837752;C;SELL;359;38.20
09:06:58.480002;DVAM1;2837744;C;SELL;76;38.00
09:06:58.820003;DVAM1;2837748;A;BUY;676;36.90
09:06:59.250003;DVAM1;2837743;C;BUY;5;37.20
09:06:59.250003;DVAM1;2837753;I;BUY;93;37.00
09:06:59.630003;DVAM1;2837753;A;BUY;951;36.90
09:07:00.650003;DVAM1;2837747;A;BUY;7;36.70
09:07:01.200003;DVAM1;2837733;C;BUY;1;36.90
09:07:01.200003;DVAM1;2837748;C;BUY;676;36.90
09:07:01.200003;DVAM1;2837753;C;BUY;951;36.90
09:07:01.200003;DVAM1;2837754;I;SELL;6;37.50
09:07:01.440003;TEST5;2837755;I;SELL;5;32.20
09:07:01.830003;DVAM1;2837756;I;SELL;9;37.30
09:07:01.960003;DVAM1;2837757;I;BUY;3;36.50
09:07:02.390003;OTHER;2837758;I;BUY;3;16.30
09:07:03.050003;DVAM1;2837759;I;BUY;69;36.70
09:07:03.420003;TEST0;2837415;C;SELL;632;23.20
09:07:03.790003;DVAM1;2837760;I;SELL;3;37.40
09:07:04.210003;DVAM1;2837754;C;SELL;6;37.50
09:07:05.590003;DVAM1;2837747;C;BUY;7;36.70
09:07:05.960003;DVAM1;2837761;I;BUY;5;36.50
09:07:06.320003;OTHER;2837762;I;BUY;6;16.50
09:07:06.610003;DVAM1;2837756;A;SELL;3;37.40
09:07:06.770003;DVAM1;2837742;C;BUY;7;36.80
09:07:06.770003;DVAM1;2837763;I;SELL;2;37.20
09:07:07.430003;TEST1;2837314;C;BUY;6;32.10
09:07:07.700003;DVAM1;2837763;A;SELL;5;37.40
09:07:07.770003;OTHER;2837734;C;SELL;2;17.20
09:07:08.440003;DVAM1;2837759;C;BUY;69;36.70
09:07:08.440003;DVAM1;2837764;I;SELL;3;37.20
09:07:08.750003;DVAM1;2837765;I;BUY;8;36.10
09:07:08.760003;DVAM1;2837761;C;BUY;5;36.50
09:07:09.050003;DVAM1;2837763;C;SELL;5;37.40
09:07:09.360003;DVAM1;2837766;I;BUY;6;36.50
09:07:09.630002;OTHER;2837717;C;BUY;5;16.40
09:07:10.200003;TEST4;2837535;C;BUY;8;15.00
09:07:10.750003;DVAM1;2837767;I;BUY;67;36.30
09:07:10.780003;DVAM1;2837757;C;BUY;3;36.50
09:07:10.950003;DVAM1;2837765;C;BUY;8;36.10
09:07:11.340003;DVAM1;2837767;C;BUY;67;36.30
09:07:11.920003;DVAM1;2837740;C;SELL;57;37.90
09:07:12.230003;DVAM1;2837741;C;SELL;6;37.70
09:07:12.960003;DVAM1;2837766;C;BUY;6;36.50
09:07:12.960003;DVAM1;2837768;I;SELL;9;36.60
09:07:13.160003;DVAM1;2837769;I;BUY;9;36.20
09:07:13.690003;DVAM1;2837770;I;BUY;11;36.00
09:07:14.580003;DVAM1;2837729;C;SELL;8;38.20
09:07:15.150003;DVAM1;2837771;I;BUY;6;36.00
09:07:15.370003;DVAM1;2837769;A;BUY;9;36.20
09:07:15.470003;OTHER;2837772;I;SELL;8;17.40
09:07:15.840003;DVAM1;2837773;I;SELL;2;36.70
09:07:16.270003;DVAM1;2837756;C;SELL;3;37.40
09:07:16.430003;DVAM1;2837773;C;SELL;2;36.70
09:07:16.500003;DVAM1;2837745;A;SELL;4;36.90
09:07:17.030003;DVAM1;2837764;C;SELL;3;37.20
09:07:17.780004;DVAM1;2837768;C;SELL;9;36.60
09:07:17.780004;DVAM1;2837774;I;SELL;7;37.20
09:07:17.870003;DVAM1;2837775;I;SELL;1;36.90
09:07:18.020004;DVAM1;2837776;I;BUY;6;36.20
09:07:18.690004;DVAM1;2837777;I;BUY;98;36.30
09:07:18.970004;DVAM1;2837778;I;SELL;4;36.70
09:07:19.230004;DVAM1;2837779;I;SELL;55;36.70
09:07:19.550004;DVAM1;2837780;I;SELL;89;36.70
09:07:19.640003;DVAM1;2837771;C;BUY;6;36.00
09:07:19.860003;DVAM1;2837781;I;BUY;636;36.20
09:07:20.420004;TEST7;2837782;I;SELL;4;27.80
09:07:20.590004;OTHER;2837783;I;SELL;6;17.10
09:07:20.810004;DVAM1;2837774;A;SELL;7;36.90
09:07:20.940004;DVAM1;2837770;A;BUY;11;36.30
09:07:21.080004;DVAM1;2837778;C;SELL;4;36.70
09:07:21.080004;DVAM1;2837779;C;SELL;55;36.70
09:07:21.080004;DVAM1;2837780;C;SELL;89;36.70
09:07:21.080004;DVAM1;2837784;I;BUY;91;36.50
09:07:21.400004;DVAM1;2837785;I;SELL;8;37.20
09:07:21.560004;DVAM1;2837745;C;SELL;4;36.90
09:07:21.560004;DVAM1;2837774;C;SELL;7;36.90
09:07:21.560004;DVAM1;2837775;C;SELL;1;36.90
09:07:21.560004;DVAM1;2837786;I;SELL;1;37.60
09:07:21.850004;DVAM1;2837760;C;SELL;3;37.40
09:07:21.910004;DVAM1;2837787;I;BUY;1;36.60
09:07:22.150004;DVAM1;2837781;A;BUY;636;36.30
09:07:22.530004;DVAM1;2837786;C;SELL;1;37.60
09:07:22.910004;DVAM1;2837788;I;BUY;2;36.60
09:07:23.860004;DVAM1;2837789;I;SELL;8;37.60
09:07:24.010004;DVAM1;2837785;C;SELL;8;37.20
09:07:24.010004;DVAM1;2837790;I;BUY;1;36.90
09:07:24.230004;DVAM2;2837791;I;SELL;4;9.80
09:07:24.560004;DVAM1;2837787;A;BUY;1;36.50
09:07:24.900004;DVAM1;2837792;I;BUY;5;36.60
09:07:25.730004;DVAM1;2837781;C;BUY;636;36.30
09:07:26.010004;DVAM2;2837739;C;BUY;623;8.40
09:07:26.310004;OTHER;2837772;C;SELL;8;17.40
09:07:26.520004;DVAM1;2837792;C;BUY;5;36.60
09:07:26.780004;DVAM1;2837793;I;SELL;95;37.50
09:07:27.170004;DVAM1;2837794;I;SELL;6;37.60
09:07:27.460004;DVAM2;2837691;C;BUY;7;8.40
09:07:27.740004;DVAM1;2837788;C;BUY;2;36.60
09:07:27.830004;TEST0;2837393;C;BUY;1;22.70
09:07:28.190004;DVAM1;2837784;C;BUY;91;36.50
09:07:28.600004;DVAM1;2837795;I;BUY;39;36.90
09:07:28.780004;DVAM2;2837730;C;BUY;8;8.60
09:07:28.930004;TEST3;2837796;I;BUY;5;6.90
09:07:28.960004;DVAM1;2837797;I;BUY;5;37.00
09:07:29.180004;DVAM1;2837770;A;BUY;11;36.30
09:07:29.370004;DVAM1;2837798;I;BUY;6;36.90
09:07:29.850004;DVAM1;2837795;C;BUY;39;36.90
09:07:30.120004;OTHER;2837728;C;SELL;3;17.20
09:07:30.170004;DVAM1;2837790;C;BUY;1;36.90
09:07:30.660004;DVAM1;2837770;C;BUY;11;36.30
09:07:31.210004;DVAM1;2837798;C;BUY;6;36.90
09:07:31.310004;TEST4;2837799;I;BUY;7;15.20
09:07:31.470004;DVAM1;2837794;C;SELL;6;37.60
09:07:32.090003;TEST3;2837548;A;SELL;7;7.80
09:07:32.300004;DVAM2;2837686;C;SELL;9;9.50
09:07:32.790004;TEST0;2837800;I;BUY;2;22.30
09:07:33.010004;DVAM2;2837791;A;SELL;4;10.20
09:07:33.440004;DVAM1;2837787;A;BUY;1;36.50
09:07:33.530004;DVAM1;2837793;C;SELL;95;37.50
09:07:34.020004;DVAM1;2837787;C;BUY;1;36.50
09:07:34.190004;DVAM1;2837801;I;SELL;1;37.60
09:07:34.510004;DVAM1;2837777;C;BUY;98;36.30
09:07:35.580003;DVAM1;2837801;C;SELL;1;37.60
09:07:35.740003;DVAM1;2837797;C;BUY;5;37.00
09:07:36.490003;DVAM1;2837789;C;SELL;8;37.60
09:07:36.840003;DVAM1;2837802;I;BUY;38;37.00
09:07:37.170003;DVAM2;2837791;C;SELL;4;10.20
09:07:37.370003;DVAM1;2837803;I;SELL;3;37.70
09:07:37.570003;OTHER;2837746;C;SELL;32;17.20
09:07:37.960003;DVAM1;2837804;I;SELL;560;37.60
09:07:38.000003;DVAM1;2837804;C;SELL;560;37.60
09:07:38.150003;DVAM1;2837805;I;SELL;46;37.50
09:07:38.150003;DVAM1;2837802;A;BUY;38;37.00
09:07:38.270003;DVAM1;2837776;C;BUY;6;36.20
09:07:38.330003;DVAM1;2837805;C;SELL;46;37.50
09:07:38.750003;DVAM1;2837802;A;BUY;38;36.90
09:07:39.300003;DVAM2;2837806;I;BUY;68;9.10
09:07:39.620003;DVAM2;2837807;I;BUY;9;9.10
09:07:39.780003;DVAM1;2837808;I;SELL;8;37.80
09:07:40.070003;DVAM1;2837809;I;SELL;8;37.70
09:07:41.050003;DVAM1;2837769;C;BUY;9;36.20
09:07:41.070003;DVAM2;2837807;C;BUY;9;9.10
09:07:41.310003;TEST3;2837810;I;SELL;2;7.70
09:07:41.340003;DVAM2;2837806;C;BUY;68;9.10
09:07:41.790003;DVAM1;2837808;C;SELL;8;37.80
09:07:42.250003;DVAM1;2837802;C;BUY;38;36.90
09:07:42.480003;DVAM2;2837811;I;SELL;7;10.20
09:07:42.760003;DVAM1;2837812;I;BUY;2;36.90
09:07:42.830003;DVAM1;2837803;A;SELL;3;37.70
09:07:43.670003;DVAM1;2837803;C;SELL;3;37.70
09:07:44.040003;DVAM1;2837813;I;SELL;2;37.30
09:07:44.250003;DVAM1;2837812;C;BUY;2;36.90
09:07:44.280003;OTHER;2837682;C;SELL;8;17.40
09:07:44.280003;OTHER;2837711;C;SELL;6;17.10
09:07:44.280003;OTHER;2837783;C;SELL;6;17.10
09:07:44.280003;OTHER;2837814;I;SELL;74;18.00
09:07:44.620003;DVAM1;2837813;A;SELL;609;37.30
09:07:44.750003;DVAM1;2837813;C;SELL;609;37.30
09:07:45.130003;DVAM1;2837815;I;SELL;596;37.40
09:07:45.320003;DVAM1;2837816;I;SELL;9;37.80
09:07:45.410003;DVAM1;2837817;I;SELL;6;37.50
09:07:45.740003;DVAM1;2837815;A;SELL;596;37.60
09:07:45.950003;DVAM1;2837815;C;SELL;596;37.60
09:07:46.180003;DVAM1;2837818;I;BUY;9;37.00
09:07:46.580003;DVAM1;2837819;I;BUY;22;36.90
09:07:46.940003;DVAM1;2837816;C;SELL;9;37.80
09:07:47.310003;DVAM1;2837818;C;BUY;9;37.00
09:07:47.510003;OTHER;2837814;A;SELL;74;17.60
09:07:48.040003;DVAM1;2837817;C;SELL;6;37.50
09:07:48.040003;DVAM1;2837820;I;BUY;29;37.40
09:07:48.580003;DVAM1;2837819;C;BUY;22;36.90
09:07:48.620003;DVAM1;2837820;C;BUY;29;37.40
09:07:48.970003;DVAM1;2837809;C;SELL;8;37.70
09:07:49.270003;DVAM1;2837821;I;SELL;7;38.40
09:07:49.690003;DVAM1;2837822;I;SELL;3;38.10
09:07:49.860003;DVAM1;2837821;C;SELL;7;38.40
09:07:50.240003;DVAM1;2837822;A;SELL;2;38.10
09:07:50.350003;DVAM2;2837823;I;SELL;7;9.80
09:07:50.370003;DVAM1;2837824;I;BUY;4;37.40
09:07:50.780003;DVAM1;2837824;C;BUY;4;37.40
09:07:50.860003;DVAM1;2837822;C;SELL;2;38.10
09:07:51.280003;DVAM1;2837825;I;BUY;4;37.10
09:07:51.530003;DVAM1;2837826;I;BUY;8;37.20
09:07:51.750003;DVAM1;2837826;C;BUY;8;37.20
09:07:52.190003;DVAM1;2837825;A;BUY;4;37.10
09:07:52.270003;DVAM1;2837827;I;BUY;77;37.20
09:07:52.750003;DVAM1;2837828;I;BUY;2;37.00
09:07:53.020003;DVAM1;2837829;I;BUY;86;37.00
09:07:53.060003;DVAM1;2837829;C;BUY;86;37.00
09:07:53.530003;TEST7;2837683;C;SELL;4;27.90
09:07:53.600003;DVAM1;2837825;C;BUY;4;37.10
09:07:54.310003;TEST4;2837799;A;BUY;7;15.00
09:07:54.510003;DVAM1;2837828;C;BUY;2;37.00
09:07:54.600003;DVAM1;2837827;C;BUY;77;37.20
09:07:55.030003;DVAM1;2837830;I;SELL;46;38.20
09:07:55.490003;DVAM1;2837831;I;SELL;1;38.20
09:07:55.490003;DVAM1;2837830;C;SELL;46;38.20
09:07:55.620003;DVAM1;2837832;I;BUY;3;37.30
09:07:55.700003;DVAM1;2837833;I;BUY;354;37.50
09:07:55.990003;DVAM1;2837831;A;SELL;1;38.20
09:07:56.530003;DVAM1;2837833;C;BUY;354;37.50
09:07:56.780003;DVAM1;2837832;C;BUY;3;37.30
09:07:57.100003;DVAM1;2837831;C;SELL;1;38.20
09:07:57.550003;DVAM1;2837834;I;BUY;660;37.30
09:07:58.050003;DVAM1;2837834;A;BUY;660;37.40
09:07:58.650003;DVAM2;2837823;C;SELL;7;9.80
09:07:58.950003;DVAM1;2837835;I;BUY;8;37.20
09:07:59.120003;DVAM1;2837836;I;BUY;8;37.30
09:07:59.650003;DVAM1;2837837;I;SELL;8;37.80
09:08:00.130003;OTHER;2837758;C;BUY;3;16.30
09:08:00.350003;DVAM1;2837835;C;BUY;8;37.20
09:08:00.730003;DVAM1;2837834;C;BUY;660;37.40
09:08:00.780003;OTHER;2837814;C;SELL;74;17.60
09:08:00.780003;DVAM1;2837838;I;SELL;3;38.00
09:08:01.450003;DVAM1;2837836;C;BUY;8;37.30
09:08:01.570003;DVAM1;2837837;C;SELL;8;37.80
09:08:01.930003;DVAM1;2837839;I;BUY;4;37.20
09:08:02.270003;DVAM1;2837839;C;BUY;4;37.20
09:08:03.040003;DVAM1;2837840;I;SELL;1;38.10
09:08:03.490003;DVAM2;2837811;C;SELL;7;10.20
09:08:03.960003;DVAM1;2837840;C;SELL;1;38.10
09:08:04.200003;DVAM1;2837841;I;SELL;763;38.00
09:08:04.440003;DVAM1;2837838;C;SELL;3;38.00
09:08:04.770003;DVAM1;2837842;I;SELL;8;37.90
09:08:05.050003;DVAM1;2837843;I;SELL;1;37.50
09:08:05.270003;DVAM1;2837844;I;BUY;5;36.80
09:08:05.360003;DVAM1;2837845;I;BUY;4;37.00
09:08:05.510003;DVAM1;2837846;I;BUY;8;36.60
09:08:05.930002;DVAM1;2837843;C;SELL;1;37.50
09:08:06.400002;DVAM1;2837844;C;BUY;5;36.80
09:08:06.860003;DVAM1;2837841;A;SELL;763;37.40
09:08:07.080003;TEST5;2837847;I;BUY;6;31.70
09:08:07.150002;DVAM1;2837846;C;BUY;8;36.60
09:08:07.510002;DVAM1;2837841;C;SELL;763;37.40
09:08:07.970002;DVAM2;2837848;I;SELL;74;10.30
09:08:08.390002;DVAM1;2837845;C;BUY;4;37.00
09:08:08.670002;DVAM1;2837842;A;SELL;8;37.40
09:08:08.960002;DVAM2;2837848;C;SELL;74;10.30
09:08:09.150002;DVAM1;2837842;C;SELL;8;37.40
09:08:09.480002;DVAM1;2837849;I;BUY;230;36.80
09:08:09.910002;DVAM1;2837850;I;SELL;7;37.50
09:08:10.400002;DVAM1;2837850;C;SELL;7;37.50
09:08:11.090003;DVAM1;2837851;I;SELL;2;37.50
09:08:11.520003;DVAM1;2837852;I;BUY;9;36.60
09:08:11.850003;DVAM1;2837853;I;SELL;6;37.70
09:08:12.080003;DVAM2;2837854;I;BUY;1;9.40
09:08:12.440002;DVAM1;2837855;I;SELL;8;37.40
09:08:12.870003;DVAM1;2837853;C;SELL;6;37.70
09:08:13.300003;DVAM1;2837856;I;SELL;55;37.50
09:08:13.740003;DVAM1;2837852;C;BUY;9;36.60
09:08:14.400003;DVAM1;2837857;I;SELL;1;37.50
09:08:14.510003;DVAM1;2837856;C;SELL;55;37.50
09:08:14.510003;DVAM1;2837851;C;SELL;2;37.50
09:08:14.840003;DVAM1;2837849;C;BUY;230;36.80
09:08:15.050003;DVAM1;2837857;A;SELL;1;37.20
09:08:15.130002;DVAM1;2837857;A;SELL;1;37.20
09:08:15.680002;DVAM1;2837858;I;BUY;52;36.70
09:08:16.010002;DVAM1;2837857;C;SELL;1;37.20
09:08:16.450002;TEST2;2837646;C;BUY;1;39.40
09:08:16.700002;DVAM1;2837858;C;BUY;52;36.70
09:08:16.730002;DVAM1;2837859;I;SELL;536;37.40
09:08:16.860003;DVAM1;2837859;C;SELL;536;37.40
09:08:17.140002;DVAM1;2837860;I;BUY;1;36.50
09:08:17.270003;DVAM2;2837861;I;BUY;9;9.20
09:08:17.700003;DVAM1;2837862;I;SELL;1;37.40
09:08:17.830003;DVAM1;2837855;C;SELL;8;37.40
09:08:17.980003;DVAM1;2837862;C;SELL;1;37.40
09:08:18.140003;DVAM1;2837860;C;BUY;1;36.50
09:08:18.260003;OTHER;2837863;I;BUY;1;16.70
09:08:18.570003;OTHER;2837864;I;BUY;1;16.70
09:08:18.620003;DVAM1;2837865;I;BUY;1;36.30
09:08:19.030003;DVAM1;2837865;C;BUY;1;36.30
09:08:19.780003;DVAM1;2837866;I;BUY;86;36.00
09:08:19.910003;DVAM1;2837867;I;BUY;8;36.50
09:08:20.680003;DVAM1;2837867;A;BUY;8;36.30
09:08:20.980003;DVAM1;2837867;A;BUY;42;36.00
09:08:21.330003;DVAM1;2837866;A;BUY;86;35.80
09:08:21.760003;DVAM2;2837861;C;BUY;9;9.20
09:08:22.190003;DVAM1;2837867;A;BUY;72;36.00
09:08:22.500003;DVAM1;2837867;C;BUY;72;36.00
09:08:23.010003;DVAM1;2837866;C;BUY;86;35.80
09:08:23.210003;DVAM1;2837868;I;SELL;3;36.90
09:08:23.630003;DVAM1;2837868;C;SELL;3;36.90
09:08:24.120003;DVAM1;2837869;I;BUY;1;36.00
09:08:24.320003;OTHER;2837705;C;BUY;396;16.20
09:08:24.690003;DVAM1;2837869;A;BUY;1;36.00
09:08:25.030003;DVAM1;2837869;C;BUY;1;36.00
09:08:25.350003;DVAM1;2837870;I;SELL;3;36.90
09:08:25.790003;DVAM1;2837871;I;SELL;9;36.70
09:08:26.170003;DVAM1;2837870;A;SELL;3;36.70
09:08:27.010003;TEST9;2837872;I;SELL;7;47.60
09:08:27.290003;OTHER;2837762;C;BUY;6;16.50
09:08:27.400003;DVAM1;2837870;A;SELL;3;37.10
09:08:27.650003;DVAM1;2837870;C;SELL;3;37.10
09:08:27.840003;DVAM1;2837871;A;SELL;9;36.80
09:08:28.310003;OTHER;2837873;I;SELL;3;17.40
09:08:28.490003;DVAM1;2837874;I;BUY;2;36.00
09:08:28.960003;OTHER;2837873;C;SELL;3;17.40
09:08:29.110003;DVAM1;2837871;A;SELL;9;37.00
09:08:29.350003;DVAM1;2837871;C;SELL;9;37.00
09:08:29.670003;DVAM1;2837874;C;BUY;2;36.00
09:08:29.820003;DVAM1;2837875;I;BUY;1;36.20
09:08:29.910003;DVAM1;2837876;I;SELL;7;36.70
09:08:30.210003;DVAM1;2837876;C;SELL;7;36.70
09:08:30.960003;OTHER;2837863;C;BUY;1;16.70
09:08:30.960003;OTHER;2837864;C;BUY;1;16.70
09:08:30.960003;OTHER;2837877;I;BUY;7;16.30
09:08:31.430003;DVAM1;2837878;I;BUY;5;36.20
09:08:31.550003;DVAM1;2837875;A;BUY;1;35.70
09:08:32.020003;DVAM2;2837854;C;BUY;1;9.40
09:08:32.320003;DVAM1;2837879;I;BUY;2;36.00
09:08:32.800003;DVAM1;2837878;A;BUY;5;35.70
09:08:32.970003;DVAM1;2837880;I;SELL;8;36.60
09:08:33.360003;DVAM1;2837875;C;BUY;1;35.70
09:08:33.560003;DVAM1;2837881;I;SELL;7;36.90
09:08:33.690003;TEST1;2837440;C;SELL;6;32.80
09:08:33.900003;DVAM1;2837882;I;SELL;7;36.80
09:08:34.030003;DVAM1;2837883;I;SELL;5;36.70
09:08:34.390003;DVAM1;2837880;A;SELL;348;36.40
09:08:35.360003;DVAM1;2837879;C;BUY;2;36.00
09:08:35.680003;DVAM2;2837884;I;BUY;1;9.30
09:08:35.760003;DVAM1;2837885;I;SELL;5;36.70
09:08:36.250003;DVAM1;2837880;A;SELL;348;36.60
09:08:36.590003;TEST8;2837886;I;BUY;3;9.70
09:08:36.930003;DVAM1;2837882;C;SELL;7;36.80
09:08:37.250003;DVAM1;2837885;A;SELL;5;36.70
09:08:38.070003;DVAM1;2837878;C;BUY;5;35.70
09:08:38.400003;DVAM1;2837887;I;SELL;3;36.40
09:08:38.840003;DVAM1;2837888;I;SELL;5;36.40
09:08:39.190003;DVAM1;2837889;I;SELL;21;36.70
09:08:39.470003;DVAM2;2837884;A;BUY;1;9.30
09:08:39.720003;DVAM1;2837880;C;SELL;348;36.60
09:08:40.010003;DVAM1;2837889;A;SELL;137;36.30
09:08:40.430003;DVAM1;2837890;I;BUY;563;35.10
09:08:40.880003;DVAM1;2837891;I;SELL;2;36.00
09:08:41.230003;DVAM1;2837892;I;BUY;3;35.40
09:08:41.510003;DVAM1;2837890;C;BUY;563;35.10
09:08:41.710003;DVAM1;2837883;C;SELL;5;36.70
09:08:41.900003;DVAM1;2837885;C;SELL;5;36.70
09:08:42.340003;TEST6;2837516;C;SELL;2;21.90
09:08:42.690003;DVAM1;2837881;C;SELL;7;36.90
09:08:42.910003;DVAM1;2837889;C;SELL;137;36.30
09:08:43.170003;DVAM1;2837888;C;SELL;5;36.40
09:08:43.280003;DVAM1;2837891;C;SELL;2;36.00
09:08:43.500003;DVAM1;2837892;A;BUY;3;35.40
09:08:43.740003;DVAM1;2837887;C;SELL;3;36.40
09:08:44.010003;DVAM1;2837892;C;BUY;3;35.40
09:08:44.030003;DVAM1;2837893;I;BUY;2;35.80
09:08:44.260003;DVAM1;2837893;C;BUY;2;35.80
09:08:44.390003;DVAM1;2837894;I;SELL;1;36.30
09:08:44.800003;DVAM1;2837894;C;SELL;1;36.30
09:08:45.180003;DVAM1;2837895;I;SELL;9;36.60
09:08:45.380003;DVAM1;2837896;I;BUY;4;35.40
09:08:45.660003;TEST5;2837897;I;SELL;18;32.30
09:08:45.970003;DVAM1;2837896;C;BUY;4;35.40
09:08:46.850003;OTHER;2837877;C;BUY;7;16.30
09:08:47.220003;DVAM1;2837895;C;SELL;9;36.60
09:08:47.690003;DVAM1;2837898;I;BUY;4;35.50
09:08:47.950003;TEST2;2837899;I;BUY;6;39.30
09:08:47.970003;DVAM1;2837898;C;BUY;4;35.50
09:08:48.420003;DVAM1;2837900;I;BUY;912;35.40
09:08:48.680003;DVAM1;2837901;I;BUY;8;35.80
09:08:48.850003;DVAM1;2837902;I;BUY;96;35.80
09:08:49.010003;DVAM1;2837901;C;BUY;8;35.80
09:08:49.300003;DVAM1;2837902;C;BUY;96;35.80
09:08:49.980003;DVAM1;2837900;C;BUY;912;35.40
09:08:50.030003;DVAM1;2837903;I;BUY;39;35.80
09:08:50.210003;DVAM1;2837903;C;BUY;39;35.80
09:08:50.590003;DVAM1;2837904;I;BUY;2;35.80
09:08:50.830003;DVAM1;2837904;C;BUY;2;35.80
09:08:51.030004;DVAM1;2837905;I;BUY;47;35.60
09:08:51.200004;DVAM2;2837884;C;BUY;1;9.30
09:08:51.560004;DVAM1;2837905;C;BUY;47;35.60
09:08:51.840003;DVAM1;2837906;I;SELL;5;37.00
09:08:51.850003;DVAM1;2837906;A;SELL;5;37.00
09:08:51.990004;DVAM2;2837907;I;BUY;82;9.50
09:08:52.200004;DVAM1;2837908;I;BUY;4;36.00
09:08:52.590004;DVAM1;2837906;C;SELL;5;37.00
09:08:53.060004;DVAM1;2837908;C;BUY;4;36.00
09:08:53.160004;DVAM1;2837909;I;BUY;5;36.10
09:08:53.410004;DVAM1;2837910;I;SELL;5;37.10
09:08:53.710004;DVAM1;2837911;I;BUY;2;36.00
09:08:54.100004;DVAM1;2837912;I;BUY;34;35.90
09:08:54.210004;DVAM1;2837909;C;BUY;5;36.10
09:08:54.290004;OTHER;2837913;I;SELL;7;17.00
09:08:54.700004;DVAM1;2837914;I;SELL;6;36.70
09:08:55.060004;DVAM1;2837911;A;BUY;2;36.00
09:08:55.860004;DVAM1;2837911;C;BUY;2;36.00
09:08:55.860004;DVAM1;2837915;I;SELL;6;36.60
09:08:55.930004;DVAM1;2837912;C;BUY;34;35.90
09:08:56.170004;DVAM1;2837914;C;SELL;6;36.70
09:08:56.520004;DVAM1;2837915;C;SELL;6;36.60
09:08:56.850003;DVAM1;2837916;I;BUY;5;35.80
09:08:57.060004;DVAM1;2837910;A;SELL;9;36.60
09:08:57.160003;DVAM1;2837910;C;SELL;9;36.60
09:08:57.600003;DVAM1;2837916;A;BUY;5;35.30
09:08:58.450003;OTHER;2837913;C;SELL;7;17.00
09:08:59.240003;DVAM2;2837917;I;SELL;9;10.30
09:08:59.670003;DVAM1;2837916;C;BUY;5;35.30
09:09:00.150003;OTHER;2837918;I;SELL;9;16.90
09:09:00.420003;DVAM2;2837919;I;SELL;2;10.00
09:09:00.740003;DVAM1;2837920;I;BUY;8;35.30
09:09:02.060003;DVAM1;2837921;I;SELL;2;36.00
09:09:02.090003;DVAM1;2837921;C;SELL;2;36.00
09:09:02.360003;DVAM1;2837920;A;BUY;8;35.30
09:09:02.370003;DVAM1;2837920;C;BUY;8;35.30
09:09:02.530003;DVAM1;2837922;I;BUY;6;35.10
09:09:02.740003;TEST2;2837899;C;BUY;6;39.30
09:09:02.860003;OTHER;2837918;C;SELL;9;16.90
09:09:03.100003;DVAM1;2837922;C;BUY;6;35.10
09:09:03.400003;DVAM1;2837923;I;SELL;3;36.20
09:09:04.010003;DVAM1;2837923;C;SELL;3;36.20
09:09:04.120003;DVAM1;2837924;I;SELL;9;36.20
09:09:04.240003;DVAM1;2837925;I;SELL;5;36.40
09:09:04.540003;DVAM1;2837926;I;BUY;59;35.20
09:09:05.090003;DVAM1;2837927;I;BUY;9;35.40
09:09:05.370003;DVAM1;2837927;C;BUY;9;35.40
09:09:05.750003;DVAM1;2837924;C;SELL;9;36.20
09:09:05.890003;TEST2;2837928;I;SELL;44;40.00
09:09:06.120003;DVAM2;2837929;I;SELL;9;10.30
09:09:06.500003;DVAM1;2837925;C;SELL;5;36.40
09:09:06.590003;DVAM1;2837926;C;BUY;59;35.20
09:09:06.990003;DVAM1;2837930;I;BUY;6;35.00
09:09:07.290003;TEST5;2837931;I;BUY;3;31.50
09:09:07.700003;DVAM1;2837932;I;SELL;4;35.90
09:09:07.790003;DVAM1;2837933;I;SELL;524;35.80
09:09:07.990003;OTHER;2837934;I;SELL;7;17.00
09:09:08.280003;DVAM1;2837933;C;SELL;524;35.80
09:09:08.440003;DVAM1;2837935;I;SELL;5;35.90
09:09:08.910003;DVAM1;2837932;C;SELL;4;35.90
09:09:09.390003;DVAM1;2837930;C;BUY;6;35.00
09:09:09.540003;DVAM1;2837935;C;SELL;5;35.90
09:09:09.570003;DVAM1;2837936;I;BUY;9;35.00
09:09:09.950003;DVAM1;2837936;C;BUY;9;35.00
09:09:10.160003;DVAM1;2837937;I;SELL;87;35.90
09:09:10.640003;DVAM1;2837937;C;SELL;87;35.90
09:09:11.080003;DVAM1;2837938;I;SELL;9;36.00
09:09:11.680003;DVAM1;2837938;C;SELL;9;36.00
09:09:11.980003;OTHER;2837939;I;SELL;5;16.60
09:09:12.580003;DVAM1;2837940;I;SELL;8;35.80
09:09:12.960004;TEST8;2837598;C;SELL;4;10.40
09:09:13.280004;DVAM1;2837940;C;SELL;8;35.80
09:09:13.450004;TEST7;2837941;I;BUY;7;27.20
09:09:13.520004;DVAM1;2837942;I;BUY;7;35.10
09:09:13.870003;DVAM1;2837943;I;SELL;9;35.80
09:09:14.820003;DVAM1;2837942;A;BUY;7;35.10
09:09:15.120003;DVAM1;2837942;C;BUY;7;35.10
09:09:15.640003;DVAM2;2837919;C;SELL;2;10.00
09:09:15.640003;DVAM2;2837944;I;BUY;1;9.80
09:09:16.100003;DVAM1;2837943;C;SELL;9;35.80
09:09:16.100003;DVAM1;2837945;I;SELL;76;35.90
09:09:16.540003;DVAM1;2837945;C;SELL;76;35.90
09:09:16.950003;DVAM1;2837946;I;SELL;1;35.90
09:09:17.750003;DVAM1;2837946;C;SELL;1;35.90
09:09:17.750003;TEST3;2837548;A;SELL;7;7.70
09:09:18.040003;OTHER;2837947;I;SELL;1;16.80
09:09:18.520003;DVAM1;2837948;I;SELL;8;36.00
09:09:18.730003;DVAM1;2837948;C;SELL;8;36.00
09:09:19.220003;DVAM1;2837949;I;SELL;454;36.10
09:09:19.500003;DVAM1;2837949;C;SELL;454;36.10
09:09:19.500003;DVAM1;2837950;I;SELL;2;35.80
09:09:19.710003;DVAM1;2837951;I;SELL;48;35.90
09:09:20.150003;DVAM1;2837952;I;SELL;9;35.70
09:09:20.560004;DVAM1;2837953;I;BUY;6;35.10
09:09:20.720004;DVAM2;2837954;I;BUY;4;9.50
09:09:21.620004;DVAM1;2837950;C;SELL;2;35.80
09:09:21.620004;DVAM1;2837952;C;SELL;9;35.70
09:09:21.620004;DVAM1;2837955;I;BUY;2;35.30
09:09:21.680004;DVAM1;2837955;A;BUY;2;35.60
09:09:23.440004;DVAM1;2837951;C;SELL;48;35.90
09:09:23.440004;DVAM1;2837956;I;BUY;8;35.60
09:09:24.040004;DVAM1;2837957;I;BUY;5;35.50
09:09:24.280004;DVAM2;2837944;C;BUY;1;9.80
09:09:25.180004;TEST9;2837751;C;SELL;8;48.00
09:09:25.540004;DVAM1;2837958;I;SELL;3;36.20
09:09:25.540004;DVAM1;2837959;I;BUY;3;35.60
09:09:26.030004;DVAM1;2837953;C;BUY;6;35.10
09:09:26.190004;DVAM1;2837960;I;BUY;5;35.50
09:09:26.330004;DVAM1;2837955;C;BUY;2;35.60
09:09:26.600004;DVAM1;2837961;I;SELL;1;36.30
09:09:27.000004;DVAM1;2837960;C;BUY;5;35.50
09:09:27.280004;DVAM1;2837958;A;SELL;5;36.30
09:09:27.900004;DVAM1;2837962;I;SELL;2;36.30
09:09:28.170004;DVAM1;2837956;C;BUY;8;35.60
09:09:28.170004;DVAM1;2837959;C;BUY;3;35.60
09:09:28.170004;DVAM1;2837963;I;BUY;45;35.40
09:09:28.580004;DVAM1;2837961;A;SELL;37;36.20
09:09:28.960004;OTHER;2837947;C;SELL;1;16.80
09:09:28.980004;DVAM2;2837929;C;SELL;9;10.30
09:09:30.040004;DVAM1;2837964;I;SELL;6;35.90
09:09:30.130004;DVAM1;2837962;C;SELL;2;36.30
09:09:30.580004;DVAM1;2837963;C;BUY;45;35.40
09:09:30.960004;DVAM1;2837958;C;SELL;5;36.30
09:09:31.410004;TEST4;2837799;C;BUY;7;15.00
09:09:31.670004;TEST6;2837965;I;SELL;48;21.60
09:09:32.670004;DVAM1;2837957;C;BUY;5;35.50
09:09:32.670004;DVAM1;2837966;I;BUY;2;35.10
09:09:33.030004;DVAM2;2837967;I;BUY;6;9.40
09:09:33.340004;DVAM1;2837964;C;SELL;6;35.90
09:09:33.540004;DVAM1;2837966;A;BUY;2;34.70
09:09:34.170004;DVAM1;2837968;I;BUY;5;34.70
09:09:34.250004;DVAM1;2837966;C;BUY;2;34.70
09:09:34.360004;DVAM1;2837968;C;BUY;5;34.70
09:09:34.520004;DVAM1;2837961;A;SELL;37;36.20
09:09:34.600004;DVAM2;2837969;I;SELL;856;10.10
09:09:34.870004;DVAM1;2837961;A;SELL;5;35.60
09:09:34.970004;DVAM1;2837961;A;SELL;5;35.80
09:09:35.040004;DVAM1;2837961;C;SELL;5;35.80
09:09:35.380004;DVAM1;2837970;I;SELL;3;35.80
09:09:35.430004;DVAM1;2837970;C;SELL;3;35.80
09:09:35.660004;DVAM1;2837971;I;SELL;68;35.40
09:09:36.010004;DVAM1;2837972;I;SELL;396;35.20
09:09:36.330004;DVAM1;2837973;I;BUY;1;34.50
09:09:36.860004;DVAM1;2837974;I;SELL;8;35.10
09:09:37.310004;DVAM2;2837975;I;BUY;7;9.50
09:09:37.590004;DVAM1;2837976;I;SELL;4;35.20
09:09:37.800004;DVAM1;2837977;I;BUY;69;34.20
09:09:38.230004;DVAM1;2837977;C;BUY;69;34.20
09:09:38.660004;DVAM1;2837978;I;BUY;3;34.20
09:09:38.910004;DVAM1;2837979;I;SELL;2;35.00
09:09:38.910004;DVAM1;2837980;I;SELL;11;35.40
09:09:39.380004;DVAM1;2837981;I;SELL;6;35.00
09:09:39.460004;TEST4;2837982;I;SELL;2;15.90
09:09:39.640004;DVAM1;2837979;C;SELL;2;35.00
09:09:39.740004;DVAM1;2837978;C;BUY;3;34.20
09:09:40.100004;DVAM1;2837972;C;SELL;396;35.20
09:09:40.560004;DVAM1;2837980;C;SELL;11;35.40
09:09:40.630004;DVAM1;2837973;A;BUY;1;34.30
09:09:41.320004;DVAM1;2837971;C;SELL;68;35.40
09:09:41.800004;DVAM1;2837976;C;SELL;4;35.20
09:09:42.460004;OTHER;2837939;C;SELL;5;16.60
09:09:42.870004;DVAM1;2837973;A;BUY;1;34.30
09:09:43.740004;DVAM1;2837974;C;SELL;8;35.10
09:09:43.740004;DVAM1;2837981;C;SELL;6;35.00
09:09:43.740004;DVAM1;2837983;I;BUY;6;34.60
09:09:44.430004;DVAM1;2837984;I;SELL;5;35.60
09:09:44.990004;DVAM1;2837984;A;SELL;5;35.70
09:09:45.580004;OTHER;2837934;A;SELL;7;16.80
09:09:46.120004;DVAM1;2837983;C;BUY;6;34.60
09:09:46.220004;DVAM1;2837985;I;SELL;1;35.30
09:09:46.320004;DVAM1;2837985;C;SELL;1;35.30
09:09:46.780004;DVAM1;2837986;I;BUY;10;34.50
09:09:47.130004;DVAM1;2837986;C;BUY;10;34.50
09:09:47.620004;OTHER;2837987;I;BUY;5;15.70
09:09:47.630004;DVAM1;2837988;I;BUY;5;34.50
09:09:47.980004;DVAM1;2837989;I;SELL;75;35.30
09:09:48.260004;TEST7;2837990;I;SELL;8;27.90
09:09:48.290004;DVAM1;2837991;I;SELL;9;35.30
09:09:48.300004;DVAM1;2837992;I;BUY;7;34.80
09:09:48.590003;OTHER;2837934;C;SELL;7;16.80
09:09:49.030004;TEST4;2837982;C;SELL;2;15.90
09:09:49.470004;OTHER;2837987;C;BUY;5;15.70
09:09:49.960004;DVAM1;2837993;I;SELL;5;35.50
09:09:50.820004;DVAM2;2837994;I;SELL;4;10.50
09:09:51.020004;DVAM1;2837991;A;SELL;9;35.00
09:09:51.290004;OTHER;2837995;I;SELL;9;16.60
09:09:51.970004;DVAM1;2837988;C;BUY;5;34.50
09:09:52.040004;DVAM1;2837991;C;SELL;9;35.00
09:09:52.040004;DVAM1;2837996;I;SELL;3;35.20
09:09:52.500004;OTHER;2837997;I;BUY;6;15.70
09:09:52.940004;DVAM1;2837998;I;BUY;6;34.80
09:09:53.710004;DVAM1;2837992;C;BUY;7;34.80
09:09:53.900004;DVAM1;2837993;C;SELL;5;35.50
09:09:54.320004;DVAM2;2837969;C;SELL;856;10.10
09:09:54.320004;DVAM2;2837999;I;SELL;2;10.40
09:09:54.790004;DVAM1;2837984;A;SELL;5;35.60
09:09:55.020004;DVAM1;2837989;C;SELL;75;35.30
09:09:55.050004;DVAM1;2837973;C;BUY;1;34.30
09:09:55.500004;DVAM1;2838000;I;BUY;83;34.60
09:09:55.560004;DVAM2;2837954;C;BUY;4;9.50
09:09:55.790004;OTHER;2837997;C;BUY;6;15.70
09:09:55.950004;DVAM1;2837996;C;SELL;3;35.20
09:09:56.320004;DVAM2;2837907;C;BUY;82;9.50
09:09:56.650004;DVAM1;2838000;A;BUY;44;34.30
09:09:56.810004;OTHER;2838001;I;SELL;4;16.70
09:09:56.830004;DVAM1;2838000;A;BUY;44;34.70
09:09:56.860004;DVAM1;2838002;I;SELL;8;35.20
09:09:56.960004;DVAM1;2838000;C;BUY;44;34.70
09:09:57.250004;OTHER;2837995;A;SELL;9;16.30
09:09:57.720004;DVAM1;2838003;I;BUY;9;34.60
09:09:58.560004;DVAM2;2837975;C;BUY;7;9.50
09:09:59.210004;DVAM1;2837984;C;SELL;5;35.60
09:09:59.600004;OTHER;2837995;C;SELL;9;16.30
09:09:59.750004;DVAM1;2838003;C;BUY;9;34.60
09:09:59.990004;DVAM1;2837998;C;BUY;6;34.80
09:10:00.450004;TEST6;2837965;C;SELL;48;21.60
09:10:01.100004;DVAM1;2838004;I;SELL;6;35.60
09:10:01.660004;DVAM1;2838004;C;SELL;6;35.60
09:10:02.060004;DVAM1;2838002;C;SELL;8;35.20
09:10:02.080004;DVAM1;2838005;I;BUY;2;34.50
09:10:02.400004;DVAM2;2837917;C;SELL;9;10.30
09:10:02.810004;DVAM1;2838006;I;SELL;4;35.20
09:10:02.890004;OTHER;2838001;C;SELL;4;16.70
09:10:03.690005;TEST6;2838007;I;BUY;24;21.00
09:10:04.710005;DVAM1;2838008;I;SELL;2;34.90
09:10:05.380004;DVAM1;2838009;I;BUY;61;34.00
09:10:05.610004;DVAM1;2838010;I;SELL;7;35.00
09:10:05.990005;TEST9;2837712;C;BUY;8;46.90
09:10:06.650005;DVAM1;2838009;A;BUY;61;34.40
09:10:06.800005;DVAM1;2838011;I;SELL;4;35.10
09:10:06.920005;DVAM1;2838009;C;BUY;61;34.40
09:10:07.360005;TEST7;2838012;I;BUY;3;26.90
09:10:07.800005;DVAM1;2838006;C;SELL;4;35.20
09:10:07.970005;TEST3;2837222;C;SELL;233;8.20
09:10:08.540005;DVAM2;2837999;C;SELL;2;10.40
09:10:09.030005;DVAM1;2838013;I;BUY;4;34.30
09:10:09.300005;DVAM1;2838010;C;SELL;7;35.00
09:10:09.540005;DVAM1;2838008;C;SELL;2;34.90
09:10:09.780005;DVAM1;2838013;C;BUY;4;34.30
09:10:10.070005;DVAM1;2838014;I;BUY;399;34.30
09:10:10.180005;DVAM2;2838015;I;SELL;7;10.60
09:10:10.290004;DVAM1;2838014;C;BUY;399;34.30
09:10:10.680004;DVAM1;2838016;I;BUY;3;34.40
09:10:11.580004;DVAM1;2838016;A;BUY;3;34.40
09:10:11.840004;DVAM1;2838017;I;SELL;2;35.60
09:10:12.070004;DVAM1;2838018;I;BUY;4;34.50
09:10:12.180004;OTHER;2838019;I;SELL;9;16.30
09:10:12.270004;DVAM1;2838020;I;SELL;1;35.10
09:10:12.870004;DVAM1;2838017;C;SELL;2;35.60
09:10:13.860004;DVAM1;2838005;C;BUY;2;34.50
09:10:14.220004;DVAM1;2838011;C;SELL;4;35.10
09:10:15.480004;DVAM1;2838020;C;SELL;1;35.10
09:10:15.600004;DVAM1;2838016;C;BUY;3;34.40
09:10:16.060004;DVAM1;2838018;C;BUY;4;34.50
09:10:16.140004;DVAM1;2838021;I;BUY;1;34.30
09:10:16.330004;DVAM1;2838021;A;BUY;7;34.50
09:10:16.370004;DVAM1;2838022;I;BUY;41;34.30
09:10:16.690004;DVAM1;2838023;I;SELL;4;34.90
09:10:16.930004;DVAM1;2838023;A;SELL;4;35.10
09:10:17.070004;OTHER;2838024;I;SELL;4;16.40
09:10:17.470004;DVAM1;2838022;A;BUY;74;34.10
09:10:17.520004;DVAM1;2838022;C;BUY;74;34.10
09:10:18.010004;DVAM1;2838021;A;BUY;5;34.10
09:10:18.210004;DVAM1;2838021;C;BUY;5;34.10
09:10:18.550004;DVAM1;2838023;C;SELL;4;35.10
09:10:18.890004;DVAM1;2838025;I;BUY;8;33.90
09:10:19.380004;DVAM1;2838026;I;BUY;77;33.60
09:10:19.960004;DVAM1;2838027;I;SELL;7;34.70
09:10:20.000004;DVAM1;2838027;C;SELL;7;34.70
09:10:20.190004;DVAM1;2838028;I;SELL;4;34.70
09:10:20.950004;DVAM1;2838029;I;SELL;5;34.90
09:10:21.250004;DVAM1;2838030;I;SELL;7;34.50
09:10:22.010004;DVAM2;2838015;A;SELL;7;10.90
09:10:22.470004;DVAM2;2837967;C;BUY;6;9.40
09:10:22.610004;DVAM1;2838031;I;SELL;42;34.50
09:10:22.640004;DVAM1;2838025;C;BUY;8;33.90
09:10:23.120004;DVAM1;2838032;I;SELL;5;34.80
09:10:23.370004;DVAM1;2838033;I;SELL;6;34.90
09:10:23.540004;OTHER;2838024;A;SELL;4;16.80
09:10:23.740004;DVAM1;2838034;I;BUY;731;34.20
09:10:24.160004;DVAM1;2838030;C;SELL;7;34.50
09:10:24.420004;DVAM1;2838029;C;SELL;5;34.90
09:10:24.700004;DVAM1;2838034;A;BUY;731;33.80
09:10:24.770004;DVAM1;2838035;I;BUY;6;33.90
09:10:25.620004;DVAM1;2838031;C;SELL;42;34.50
09:10:25.620004;DVAM1;2838036;I;BUY;9;34.10
09:10:26.000004;DVAM1;2838035;A;BUY;6;33.90
09:10:26.210004;DVAM1;2838028;C;SELL;4;34.70
09:10:26.210004;DVAM1;2838037;I;BUY;1;34.50
09:10:26.700004;DVAM2;2837994;C;SELL;4;10.50
09:10:26.790004;DVAM1;2838037;C;BUY;1;34.50
09:10:26.790004;DVAM1;2838038;I;BUY;8;34.20
09:10:26.880004;DVAM1;2838038;C;BUY;8;34.20
09:10:27.020004;DVAM1;2838026;C;BUY;77;33.60
09:10:27.040004;DVAM1;2838033;C;SELL;6;34.90
09:10:27.730004;DVAM2;2838015;C;SELL;7;10.90
09:10:28.170004;OTHER;2838039;I;BUY;45;16.00
09:10:28.890004;DVAM1;2838035;A;BUY;6;34.00
09:10:29.200004;OTHER;2838019;C;SELL;9;16.30
09:10:29.200004;OTHER;2838040;I;BUY;5;16.00
09:10:29.220004;DVAM1;2838035;C;BUY;6;34.00
09:10:29.360004;DVAM2;2838041;I;SELL;6;10.80
09:10:29.390004;DVAM1;2838042;I;SELL;593;34.90
09:10:29.660004;DVAM1;2838036;C;BUY;9;34.10
09:10:30.080004;DVAM1;2838043;I;SELL;7;35.00
09:10:30.460004;OTHER;2838044;I;SELL;6;16.90
09:10:31.060004;DVAM1;2838042;C;SELL;593;34.90
09:10:31.310004;DVAM1;2838043;C;SELL;7;35.00
09:10:32.040004;DVAM1;2838032;A;SELL;5;34.70
09:10:32.410004;DVAM1;2838045;I;BUY;2;34.20
09:10:32.660004;DVAM1;2838032;C;SELL;5;34.70
09:10:33.050004;DVAM1;2838034;C;BUY;731;33.80
09:10:33.480004;DVAM1;2838045;C;BUY;2;34.20
09:10:33.480004;DVAM1;2838046;I;SELL;6;34.80
09:10:33.610004;DVAM1;2838046;C;SELL;6;34.80
09:10:34.030004;DVAM1;2838047;I;SELL;445;35.10
09:10:34.410004;DVAM1;2838047;C;SELL;445;35.10
09:10:34.540004;DVAM1;2838048;I;SELL;3;34.70
09:10:35.030005;DVAM1;2838048;C;SELL;3;34.70
09:10:35.260005;DVAM1;2838049;I;SELL;3;34.70
09:10:35.720005;DVAM1;2838050;I;BUY;8;33.50
09:10:36.130005;DVAM1;2838049;A;SELL;3;34.60
09:10:36.830004;DVAM1;2838049;C;SELL;3;34.60
09:10:36.960005;DVAM1;2838050;C;BUY;8;33.50
09:10:37.080004;DVAM1;2838051;I;SELL;92;34.20
09:10:37.300004;DVAM1;2838051;C;SELL;92;34.20
09:10:37.400004;DVAM1;2838052;I;BUY;6;33.60
09:10:37.500004;DVAM1;2838053;I;BUY;35;33.40
09:10:37.910004;DVAM1;2838053;A;BUY;35;33.40
09:10:38.000004;DVAM1;2838053;C;BUY;35;33.40
09:10:38.050004;DVAM1;2838052;C;BUY;6;33.60
09:10:38.110004;DVAM1;2838054;I;BUY;7;33.50
09:10:38.890004;DVAM1;2838054;A;BUY;568;33.40
09:10:39.210004;OTHER;2838055;I;BUY;14;16.10
09:10:39.730004;DVAM1;2838054;C;BUY;568;33.40
09:10:39.750004;DVAM1;2838056;I;BUY;4;33.40
09:10:39.780004;DVAM1;2838056;A;BUY;4;33.70
09:10:39.920004;DVAM1;2838056;C;BUY;4;33.70
09:10:39.940004;DVAM1;2838057;I;SELL;7;34.40
09:10:40.430004;DVAM1;2838058;I;SELL;8;34.20
09:10:40.720004;DVAM1;2838057;A;SELL;2;34.10
09:10:41.100004;DVAM1;2838058;C;SELL;8;34.20
09:10:41.540004;DVAM1;2838059;I;BUY;5;33.50
09:10:41.600004;DVAM1;2838060;I;BUY;1;33.30
09:10:41.970004;DVAM1;2838059;C;BUY;5;33.50
09:10:42.270005;DVAM1;2838057;C;SELL;2;34.10
09:10:42.500005;DVAM1;2838061;I;BUY;4;33.20
09:10:42.870004;DVAM1;2838061;C;BUY;4;33.20
09:10:43.420005;DVAM1;2838060;A;BUY;1;33.30
09:10:43.660005;OTHER;2838039;C;BUY;45;16.00
09:10:44.020005;DVAM1;2838062;I;SELL;1;34.10
09:10:44.390004;DVAM2;2838041;A;SELL;6;10.90
09:10:44.490004;DVAM1;2838063;I;BUY;6;33.20
09:10:44.660004;DVAM1;2838064;I;SELL;3;33.70
09:10:44.920004;DVAM1;2838062;C;SELL;1;34.10
09:10:45.290004;DVAM1;2838060;C;BUY;1;33.30
09:10:45.430004;DVAM1;2838065;I;SELL;1;34.00
09:10:45.750004;OTHER;2838055;C;BUY;14;16.10
09:10:45.940004;DVAM1;2838066;I;BUY;3;33.10
09:10:46.430004;DVAM1;2838066;C;BUY;3;33.10
09:10:46.500004;TEST1;2837500;C;SELL;2;33.00
09:10:46.850004;DVAM1;2838067;I;SELL;8;33.60
09:10:47.090004;OTHER;2838040;A;BUY;332;15.50
09:10:47.240004;DVAM1;2838068;I;BUY;3;33.00
09:10:47.280004;DVAM1;2838069;I;BUY;7;32.80
09:10:47.510004;DVAM1;2838070;I;BUY;40;32.90
09:10:47.970004;DVAM1;2838063;C;BUY;6;33.20
09:10:48.210004;DVAM1;2838069;C;BUY;7;32.80
09:10:48.580004;DVAM1;2838064;C;SELL;3;33.70
09:10:48.810004;DVAM1;2838067;A;SELL;4;33.60
09:10:49.170004;DVAM1;2838071;I;SELL;8;33.70
09:10:49.320004;OTHER;2838040;A;BUY;3;16.10
09:10:49.760004;DVAM1;2838065;A;SELL;1;34.00
09:10:50.060004;DVAM1;2838065;C;SELL;1;34.00
09:10:50.220004;DVAM1;2838067;C;SELL;4;33.60
09:10:51.020004;DVAM1;2838071;C;SELL;8;33.70
09:10:51.020004;DVAM1;2838072;I;BUY;751;33.40
09:10:51.300004;DVAM1;2838073;I;BUY;2;33.40
09:10:51.420004;DVAM1;2838068;C;BUY;3;33.00
09:10:51.520004;DVAM1;2838073;C;BUY;2;33.40
09:10:52.030004;DVAM2;2838074;I;SELL;9;11.10
09:10:52.130004;DVAM1;2838072;C;BUY;751;33.40
09:10:52.500004;DVAM1;2838075;I;BUY;7;33.50
09:10:52.960004;TEST7;2838076;I;SELL;9;27.60
09:10:53.580004;DVAM1;2838075;C;BUY;7;33.50
09:10:54.180004;DVAM1;2838070;C;BUY;40;32.90
09:10:54.240004;DVAM1;2838077;I;SELL;862;34.80
09:10:54.630004;DVAM1;2838078;I;BUY;9;33.70
09:10:54.850004;TEST3;2837796;A;BUY;5;6.50
09:10:54.930004;DVAM1;2838078;C;BUY;9;33.70
09:10:55.300004;DVAM1;2838079;I;SELL;3;34.20
09:10:55.760004;DVAM1;2838079;A;SELL;3;34.20
09:10:56.240004;DVAM1;2838077;C;SELL;862;34.80
09:10:56.280004;DVAM1;2838079;C;SELL;3;34.20
09:10:56.480004;DVAM2;2838041;C;SELL;6;10.90
09:10:56.660004;DVAM1;2838080;I;BUY;7;33.40
09:10:56.750004;DVAM2;2838074;C;SELL;9;11.10
09:10:57.050004;DVAM1;2838080;C;BUY;7;33.40
09:10:57.490004;DVAM1;2838081;I;SELL;6;34.30
09:10:57.970004;DVAM1;2838081;A;SELL;6;34.70
09:10:58.370004;DVAM2;2838082;I;BUY;44;10.40
09:10:58.840004;DVAM1;2838081;C;SELL;6;34.70
09:10:59.270004;DVAM1;2838083;I;BUY;44;33.70
09:10:59.940004;DVAM1;2838083;C;BUY;44;33.70
09:11:00.010004;DVAM1;2838084;I;BUY;28;33.80
09:11:00.320004;OTHER;2838024;C;SELL;4;16.80
09:11:00.890004;DVAM1;2838084;C;BUY;28;33.80
09:11:01.120004;DVAM1;2838085;I;SELL;72;34.60
09:11:01.670004;OTHER;2838086;I;BUY;3;16.00
09:11:01.990004;DVAM2;2838087;I;SELL;5;10.80
09:11:02.090003;OTHER;2838040;A;BUY;6;15.60
09:11:02.510004;DVAM1;2838088;I;BUY;6;34.10
09:11:02.810004;DVAM1;2838088;C;BUY;6;34.10
09:11:03.320004;OTHER;2838044;C;SELL;6;16.90
09:11:03.500004;TEST1;2837624;C;BUY;7;32.10
09:11:03.500004;TEST1;2838089;I;SELL;3;32.00
09:11:03.750004;DVAM1;2838090;I;BUY;9;33.70
09:11:03.950004;DVAM1;2838085;C;SELL;72;34.60
09:11:04.280004;DVAM1;2838090;C;BUY;9;33.70
09:11:04.440004;DVAM1;2838091;I;SELL;88;34.60
09:11:04.570004;DVAM1;2838092;I;BUY;6;33.40
09:11:04.640004;DVAM1;2838092;C;BUY;6;33.40
09:11:05.220004;DVAM1;2838091;C;SELL;88;34.60
09:11:05.430004;DVAM1;2838093;I;BUY;3;33.50
09:11:05.440004;TEST8;2837886;C;BUY;3;9.70
09:11:05.670004;DVAM1;2838093;C;BUY;3;33.50
09:11:05.960004;DVAM1;2838094;I;BUY;3;33.50
09:11:06.300004;TEST5;2837755;C;SELL;5;32.20
09:11:06.640004;DVAM1;2838095;I;SELL;1;34.20
09:11:06.970004;TEST8;2838096;I;BUY;1;9.90
09:11:07.360004;DVAM1;2838097;I;BUY;6;33.60
09:11:07.730004;OTHER;2838086;C;BUY;3;16.00
09:11:07.970004;DVAM1;2838098;I;SELL;37;34.30
09:11:08.460004;DVAM1;2838095;C;SELL;1;34.20
09:11:08.460004;DVAM1;2838098;C;SELL;37;34.30
09:11:08.460004;DVAM1;2838099;I;BUY;3;33.90
09:11:08.530004;DVAM1;2838099;C;BUY;3;33.90
09:11:08.770004;OTHER;2838100;I;SELL;139;16.50
09:11:09.450004;DVAM1;2838101;I;SELL;8;35.00
09:11:09.960004;DVAM1;2838102;I;BUY;77;34.10
09:11:10.010004;OTHER;2838103;I;BUY;158;16.00
09:11:10.140004;DVAM1;2838097;C;BUY;6;33.60
09:11:10.530004;DVAM1;2838094;A;BUY;3;34.00
09:11:10.700004;DVAM1;2838094;A;BUY;3;34.00
09:11:10.770004;DVAM1;2838102;C;BUY;77;34.10
09:11:11.110004;DVAM1;2838104;I;BUY;6;34.20
09:11:12.280004;DVAM1;2838104;A;BUY;6;34.20
09:11:12.470004;DVAM1;2838105;I;BUY;2;34.40
09:11:12.890004;DVAM1;2838105;C;BUY;2;34.40
09:11:12.910004;DVAM1;2838094;A;BUY;3;34.40
09:11:13.750004;TEST2;2837928;C;SELL;44;40.00
09:11:14.080004;DVAM1;2838104;C;BUY;6;34.20
09:11:14.080004;DVAM1;2838101;A;SELL;8;35.10
09:11:14.370004;DVAM2;2838087;C;SELL;5;10.80
09:11:14.600004;DVAM1;2838094;C;BUY;3;34.40
09:11:14.910004;DVAM1;2838101;C;SELL;8;35.10
09:11:14.960004;DVAM1;2838106;I;BUY;7;34.60
09:11:15.090004;DVAM1;2838107;I;SELL;2;35.20
09:11:15.210004;DVAM1;2838106;A;BUY;7;34.10
09:11:15.480004;OTHER;2838100;C;SELL;139;16.50
09:11:15.960004;DVAM1;2838108;I;SELL;164;35.10
09:11:16.060004;DVAM1;2838109;I;SELL;33;34.90
09:11:16.230004;TEST6;2838007;C;BUY;24;21.00
09:11:16.490004;DVAM2;2838082;C;BUY;44;10.40
09:11:16.490004;DVAM2;2838110;I;SELL;9;10.60
09:11:16.950004;DVAM1;2838108;A;SELL;164;34.70
09:11:17.290004;DVAM1;2838106;C;BUY;7;34.10
09:11:17.730004;DVAM2;2838111;I;BUY;5;9.80
09:11:18.110004;DVAM1;2838109;C;SELL;33;34.90
09:11:18.130004;DVAM1;2838108;C;SELL;164;34.70
09:11:18.130004;DVAM1;2838112;I;SELL;6;35.30
09:11:18.290004;DVAM1;2838112;C;SELL;6;35.30
09:11:18.710004;DVAM2;2838110;A;SELL;9;10.50
09:11:19.820004;DVAM1;2838107;C;SELL;2;35.20
09:11:19.940004;DVAM1;2838113;I;SELL;7;35.30
09:11:20.280004;DVAM1;2838113;A;SELL;7;35.30
09:11:20.500004;DVAM1;2838113;C;SELL;7;35.30
09:11:20.810004;DVAM1;2838114;I;BUY;6;34.70
09:11:21.060004;DVAM1;2838115;I;SELL;54;35.60
09:11:21.110004;DVAM1;2838114;C;BUY;6;34.70
09:11:21.170004;DVAM2;2838111;C;BUY;5;9.80
09:11:21.440004;DVAM1;2838115;C;SELL;54;35.60
09:11:21.520004;DVAM1;2838116;I;BUY;48;34.80
09:11:21.880003;TEST6;2838117;I;BUY;7;20.80
09:11:22.490003;DVAM1;2838116;C;BUY;48;34.80
09:11:22.570003;DVAM1;2838118;I;BUY;5;34.60
09:11:23.060003;DVAM1;2838119;I;SELL;6;35.30
09:11:23.080003;DVAM1;2838120;I;SELL;95;35.40
09:11:23.130003;DVAM1;2838120;C;SELL;95;35.40
09:11:23.240003;DVAM1;2838121;I;SELL;468;35.10
09:11:23.460003;DVAM1;2838121;A;SELL;468;35.20
09:11:24.130003;DVAM1;2838118;A;BUY;676;34.70
09:11:24.380003;DVAM1;2838122;I;BUY;5;34.50
09:11:24.500003;DVAM1;2838123;I;BUY;6;34.50
09:11:24.790003;DVAM1;2838123;C;BUY;6;34.50
09:11:25.010003;DVAM1;2838124;I;BUY;4;34.60
09:11:25.260003;DVAM1;2838124;C;BUY;4;34.60
09:11:25.600003;DVAM1;2838119;C;SELL;6;35.30
09:11:26.010003;DVAM1;2838118;C;BUY;676;34.70
09:11:26.010003;DVAM1;2838122;C;BUY;5;34.50
09:11:26.010003;DVAM1;2838125;I;SELL;7;34.70
09:11:26.650003;DVAM1;2838125;C;SELL;7;34.70
09:11:26.850003;TEST6;2838126;I;SELL;5;21.80
09:11:26.950003;DVAM1;2838127;I;SELL;1;35.00
09:11:27.420003;DVAM1;2838127;A;SELL;1;34.60
09:11:27.750003;DVAM1;2838121;C;SELL;468;35.20
09:11:27.760003;OTHER;2838128;I;SELL;3;16.70
09:11:27.970003;DVAM1;2838127;C;SELL;1;34.60
09:11:27.970003;DVAM1;2838129;I;BUY;5;34.20
09:11:28.150003;DVAM1;2838129;C;BUY;5;34.20
09:11:28.930003;DVAM1;2838130;I;BUY;9;34.00
09:11:29.060003;DVAM1;2838130;C;BUY;9;34.00
